%% This BibTeX bibliography file was created using BibDesk.
%% http://bibdesk.sourceforge.net/

%% Created for Yuhan Ding at 2021-09-22 13:28:01 -0500 


%% Saved with string encoding Unicode (UTF-8) 



@misc{overTemp,
	author = {Overleaf},
	date-added = {2021-09-22 13:25:39 -0500},
	date-modified = {2021-09-22 13:27:49 -0500},
	howpublished = {\url{https://www.overleaf.com/latex/templates},
title = {{O}verleaf {T}emplates}}}

%% This BibTeX bibliography file was created using BibDesk.
%% http://bibdesk.sourceforge.net/

%% Created for Yuhan Ding at 2019-07-06 15:45:03 -0500 


%% Saved with string encoding Unicode (UTF-8) 



@book{PTanTextbook,
	Author = {Tan, Pang-Ning and Steinbach, Michael and Kumar, Vipin },
	Date-Added = {2019-07-06 15:43:11 -0500},
	Date-Modified = {2019-07-06 15:44:23 -0500},
	Publisher = {Pearson},
	Title = {Introduction to Data Mining},
	Year = {2006}}

@book{AFCIP,
	Author = {Sheldon Ross},
	Date-Added = {2020-06-23 11:38:37 -0600},
	Edition = {8th},
	Publisher = {Pearson},
	Title = {A First Course in Probablity},
	Year = {2010},
	ISBN = {978-0-13-603313-4}
	}

@book{ITSL,
	Author = {Gareth James, Daniela Witten, Trevor Hastie, Robert Tibshirani},
	Date-Added = {2020-06-23 11:38:37 -0600},
	Edition = {8th},
	Publisher = {Springer-Verlag New York},
	Title = {Introduction to Statistical Learning: With Applications in R},
	Year = {2017},
	ISBN = {978-1-4614-7137-0}}

@book{ITDS,
	Author = {Chan, Chris and
Rissler, Matt},
		Edition = {8th},
	Publisher = {zyBooks: A Wiley Brand},
	Title = {Data Science Foundations with Python with zyLabs},
	Year = {2022}}

%% this item is added by Yuanxing Cheng at May 18, 2024
@article{greenwade93,
author  = "George D. Greenwade",
title   = "The {C}omprehensive {T}ex {A}rchive {N}etwork ({CTAN})",    year    = "1993",
journal = "TUGBoat",
volume  = "14",
number  = "3",
pages   = "342--351"
}
