@article{abdar_review_2021,
  title = {A Review of Uncertainty Quantification in Deep Learning: {{Techniques}}, Applications and Challenges},
  shorttitle = {A Review of Uncertainty Quantification in Deep Learning},
  author = {Abdar, Moloud and Pourpanah, Farhad and Hussain, Sadiq and Rezazadegan, Dana and Liu, Li and Ghavamzadeh, Mohammad and Fieguth, Paul and Cao, Xiaochun and Khosravi, Abbas and Acharya, U. Rajendra and Makarenkov, Vladimir and Nahavandi, Saeid},
  date = {2021-12-01},
  journaltitle = {Information Fusion},
  shortjournal = {Information Fusion},
  volume = {76},
  pages = {243--297},
  issn = {1566-2535},
  doi = {10.1016/j.inffus.2021.05.008},
  url = {https://www.sciencedirect.com/science/article/pii/S1566253521001081},
  urldate = {2023-07-13},
  keywords = {Artificial intelligence,Bayesian statistics,Deep learning,Ensemble learning,Machine learning,Uncertainty quantification}
}

@article{albergo_flow-based_2019,
  title = {Flow-Based Generative Models for {{Markov}} Chain {{Monte Carlo}} in Lattice Field Theory},
  author = {Albergo, M. S. and Kanwar, G. and Shanahan, P. E.},
  date = {2019-08-22},
  journaltitle = {Physical Review D},
  shortjournal = {Phys. Rev. D},
  volume = {100},
  number = {3},
  eprint = {1904.12072},
  eprinttype = {arxiv},
  eprintclass = {cond-mat, physics:hep-lat},
  pages = {034515},
  issn = {2470-0010, 2470-0029},
  doi = {10.1103/PhysRevD.100.034515},
  url = {http://arxiv.org/abs/1904.12072},
  urldate = {2023-02-20},
  keywords = {Computer Science - Machine Learning,Condensed Matter - Disordered Systems and Neural Networks,Condensed Matter - Statistical Mechanics,High Energy Physics - Lattice}
}

@online{alibaud_nonlocal_2019,
  title = {Nonlocal {{Dissipation Measure}} and {{L}} 1 {{Kinetic Theory For Fractional Conservation Laws}}},
  author = {Alibaud, Nathaël and Andreianov, Boris and Ouedraogo, Adama},
  date = {2019-10-21},
  eprint = {1910.09320},
  eprinttype = {arxiv},
  eprintclass = {math},
  doi = {10.48550/arXiv.1910.09320},
  url = {http://arxiv.org/abs/1910.09320},
  urldate = {2022-11-10},
  pubstate = {preprint},
  keywords = {Mathematics - Analysis of PDEs}
}

@online{an_why_2021,
  title = {Why Resampling Outperforms Reweighting for Correcting Sampling Bias with Stochastic Gradients},
  author = {An, Jing and Ying, Lexing and Zhu, Yuhua},
  date = {2021-08-27},
  eprint = {2009.13447},
  eprinttype = {arxiv},
  eprintclass = {cs, math, stat},
  url = {http://arxiv.org/abs/2009.13447},
  urldate = {2022-11-28},
  pubstate = {preprint},
  keywords = {Computer Science - Machine Learning,Mathematics - Numerical Analysis,Statistics - Machine Learning}
}

@article{bachoc_gaussian_2017,
  title = {Gaussian Processes for Computer Experiments},
  author = {Bachoc, François and Contal, Emile and Maatouk, Hassan and Rullière, Didier},
  editor = {Coeurjolly, Jean-François and Leclercq-Samson, Adeline},
  date = {2017},
  journaltitle = {ESAIM: Proceedings and Surveys},
  shortjournal = {ESAIM: Procs},
  volume = {60},
  pages = {163--179},
  issn = {2267-3059},
  doi = {10.1051/proc/201760163},
  url = {http://www.esaim-proc.org/10.1051/proc/201760163},
  urldate = {2023-06-28}
}

@article{bhatia_machine_nodate,
  title = {Machine {{Learning Based Dynamic-Importance Sampling}} for {{Adaptive Multiscale Simulations}}},
  author = {Bhatia, Harsh and Carpenter, Timothy S and Ingólfsson, Helgi I and Karande, Piyush and Liu, Shusen and Oppelstrup, Tomas and Neale, Chris and Lightstone, Felice C}
}

@online{blechschmidt_three_2021,
  title = {Three {{Ways}} to {{Solve Partial Differential Equations}} with {{Neural Networks}} -- {{A Review}}},
  author = {Blechschmidt, Jan and Ernst, Oliver G.},
  date = {2021-04-14},
  eprint = {2102.11802},
  eprinttype = {arxiv},
  eprintclass = {cs, math},
  doi = {10.48550/arXiv.2102.11802},
  url = {http://arxiv.org/abs/2102.11802},
  urldate = {2022-11-10},
  pubstate = {preprint},
  keywords = {Mathematics - Numerical Analysis}
}

@article{blei_variational_2017,
  title = {Variational {{Inference}}: {{A Review}} for {{Statisticians}}},
  shorttitle = {Variational {{Inference}}},
  author = {Blei, David M. and Kucukelbir, Alp and McAuliffe, Jon D.},
  date = {2017-04-03},
  journaltitle = {Journal of the American Statistical Association},
  shortjournal = {Journal of the American Statistical Association},
  volume = {112},
  number = {518},
  eprint = {1601.00670},
  eprinttype = {arxiv},
  eprintclass = {cs, stat},
  pages = {859--877},
  issn = {0162-1459, 1537-274X},
  doi = {10.1080/01621459.2017.1285773},
  url = {http://arxiv.org/abs/1601.00670},
  urldate = {2023-07-20},
  keywords = {Computer Science - Machine Learning,Statistics - Computation,Statistics - Machine Learning}
}

@online{botvinick-greenhouse_generative_2023,
  title = {Generative {{Modeling}} of {{Time-Dependent Densities}} via {{Optimal Transport}} and {{Projection Pursuit}}},
  author = {Botvinick-Greenhouse, Jonah and Yang, Yunan and Maulik, Romit},
  date = {2023-04-19},
  eprint = {2304.09663},
  eprinttype = {arxiv},
  eprintclass = {cs, stat},
  doi = {10.48550/arXiv.2304.09663},
  url = {http://arxiv.org/abs/2304.09663},
  urldate = {2023-05-06},
  pubstate = {preprint},
  keywords = {Computer Science - Machine Learning,Statistics - Machine Learning}
}

@article{bowskill_crystal_2021,
  title = {Crystal {{Structure Prediction Methods}} for {{Organic Molecules}}: {{State}} of the {{Art}}},
  shorttitle = {Crystal {{Structure Prediction Methods}} for {{Organic Molecules}}},
  author = {Bowskill, David H. and Sugden, Isaac J. and Konstantinopoulos, Stefanos and Adjiman, Claire S. and Pantelides, Constantinos C.},
  date = {2021},
  journaltitle = {Annual Review of Chemical and Biomolecular Engineering},
  volume = {12},
  number = {1},
  eprint = {33770462},
  eprinttype = {pmid},
  pages = {593--623},
  doi = {10.1146/annurev-chembioeng-060718-030256},
  url = {https://doi.org/10.1146/annurev-chembioeng-060718-030256},
  urldate = {2023-08-03},
  keywords = {crystal structure prediction,free energy of crystals,lattice energy,polymorphs}
}

@online{cai_deep_2020,
  title = {Deep Generative {{LDA}}},
  author = {Cai, Yunqi and Wang, Dong},
  date = {2020-10-30},
  eprint = {2010.16138},
  eprinttype = {arxiv},
  eprintclass = {cs, stat},
  url = {http://arxiv.org/abs/2010.16138},
  urldate = {2023-04-24},
  pubstate = {preprint},
  keywords = {Computer Science - Machine Learning,Statistics - Machine Learning}
}

@online{chen_deterministic_2022,
  title = {A {{Deterministic Sampling Method}} via {{Maximum Mean Discrepancy Flow}} with {{Adaptive Kernel}}},
  author = {Chen, Yindong and Wang, Yiwei and Kang, Lulu and Liu, Chun},
  date = {2022-11-23},
  eprint = {2111.10722},
  eprinttype = {arxiv},
  eprintclass = {cs, stat},
  url = {http://arxiv.org/abs/2111.10722},
  urldate = {2023-02-01},
  pubstate = {preprint},
  keywords = {Computer Science - Machine Learning,Statistics - Computation,Statistics - Machine Learning}
}

@online{chen_gradient_2023,
  title = {Gradient {{Flows}} for {{Sampling}}: {{Mean-Field Models}}, {{Gaussian Approximations}} and {{Affine Invariance}}},
  shorttitle = {Gradient {{Flows}} for {{Sampling}}},
  author = {Chen, Yifan and Huang, Daniel Zhengyu and Huang, Jiaoyang and Reich, Sebastian and Stuart, Andrew M.},
  date = {2023-02-21},
  eprint = {2302.11024},
  eprinttype = {arxiv},
  eprintclass = {cs, math, stat},
  doi = {10.48550/arXiv.2302.11024},
  url = {http://arxiv.org/abs/2302.11024},
  urldate = {2023-02-23},
  pubstate = {preprint},
  keywords = {Mathematics - Numerical Analysis,Statistics - Machine Learning}
}

@online{chen_projected_2020,
  title = {Projected {{Stein Variational Newton}}: {{A Fast}} and {{Scalable Bayesian Inference Method}} in {{High Dimensions}}},
  shorttitle = {Projected {{Stein Variational Newton}}},
  author = {Chen, Peng and Wu, Keyi and Chen, Joshua and O'Leary-Roseberry, Thomas and Ghattas, Omar},
  date = {2020-02-09},
  eprint = {1901.08659},
  eprinttype = {arxiv},
  eprintclass = {math},
  doi = {10.48550/arXiv.1901.08659},
  url = {http://arxiv.org/abs/1901.08659},
  urldate = {2023-07-20},
  pubstate = {preprint},
  keywords = {Mathematics - Optimization and Control}
}

@online{chen_residual_2020,
  title = {Residual {{Flows}} for {{Invertible Generative Modeling}}},
  author = {Chen, Ricky T. Q. and Behrmann, Jens and Duvenaud, David and Jacobsen, Jörn-Henrik},
  date = {2020-07-23},
  eprint = {1906.02735},
  eprinttype = {arxiv},
  eprintclass = {cs, stat},
  url = {http://arxiv.org/abs/1906.02735},
  urldate = {2023-02-20},
  pubstate = {preprint},
  keywords = {Computer Science - Machine Learning,Statistics - Machine Learning}
}

@online{chen_unified_2018,
  title = {A {{Unified Particle-Optimization Framework}} for {{Scalable Bayesian Sampling}}},
  author = {Chen, Changyou and Zhang, Ruiyi and Wang, Wenlin and Li, Bai and Chen, Liqun},
  date = {2018-07-10},
  eprint = {1805.11659},
  eprinttype = {arxiv},
  eprintclass = {cs, stat},
  doi = {10.48550/arXiv.1805.11659},
  url = {http://arxiv.org/abs/1805.11659},
  urldate = {2023-07-20},
  pubstate = {preprint},
  keywords = {Computer Science - Machine Learning,Statistics - Machine Learning}
}

@online{coeurdoux_learning_2022,
  title = {Learning {{Optimal Transport Between}} Two {{Empirical Distributions}} with {{Normalizing Flows}}},
  author = {Coeurdoux, Florentin and Dobigeon, Nicolas and Chainais, Pierre},
  date = {2022-07-05},
  eprint = {2207.01246},
  eprinttype = {arxiv},
  eprintclass = {cs, stat},
  url = {http://arxiv.org/abs/2207.01246},
  urldate = {2022-09-19},
  pubstate = {preprint},
  keywords = {Computer Science - Machine Learning,Statistics - Machine Learning}
}

@online{cole_locally_2021,
  title = {Locally Induced {{Gaussian}} Processes for Large-Scale Simulation Experiments},
  author = {Cole, D. Austin and Christianson, Ryan and Gramacy, Robert B.},
  date = {2021-02-03},
  eprint = {2008.12857},
  eprinttype = {arxiv},
  eprintclass = {stat},
  url = {http://arxiv.org/abs/2008.12857},
  urldate = {2023-03-06},
  pubstate = {preprint},
  keywords = {Statistics - Computation,Statistics - Machine Learning,Statistics - Methodology}
}

@online{colombo_bounds_2019,
  title = {Bounds on Optimal Transport Maps onto Log-Concave Measures},
  author = {Colombo, Maria and Fathi, Max},
  date = {2019-10-20},
  eprint = {1910.09035},
  eprinttype = {arxiv},
  eprintclass = {math},
  url = {http://arxiv.org/abs/1910.09035},
  urldate = {2022-10-13},
  pubstate = {preprint},
  keywords = {Mathematics - Analysis of PDEs}
}

@report{currin_bayesian_1988,
  title = {A {{Bayesian Approach}} to the {{Design}} and {{Analysis}} of {{Computer Experiments}}},
  author = {Currin, C},
  date = {1988-01-01},
  number = {ORNL-6498, 814584},
  pages = {ORNL-6498, 814584},
  doi = {10.2172/814584},
  url = {http://www.osti.gov/servlets/purl/814584/},
  urldate = {2023-06-28}
}

@software{dancik_mlegp_2022,
  title = {Mlegp: {{Maximum Likelihood Estimates}} of {{Gaussian Processes}}},
  shorttitle = {Mlegp},
  author = {Dancik, Garrett M.},
  date = {2022-03-10},
  url = {https://cran.r-project.org/web/packages/mlegp/index.html},
  urldate = {2023-07-20},
  version = {3.1.9}
}

@online{detommaso_stein_2018,
  title = {A {{Stein}} Variational {{Newton}} Method},
  author = {Detommaso, Gianluca and Cui, Tiangang and Spantini, Alessio and Marzouk, Youssef and Scheichl, Robert},
  date = {2018-10-29},
  eprint = {1806.03085},
  eprinttype = {arxiv},
  eprintclass = {cs, stat},
  doi = {10.48550/arXiv.1806.03085},
  url = {http://arxiv.org/abs/1806.03085},
  urldate = {2022-09-19},
  pubstate = {preprint},
  keywords = {Computer Science - Machine Learning,Mathematics - Numerical Analysis,Statistics - Machine Learning}
}

@online{di_langosco_neural_2021,
  title = {Neural {{Variational Gradient Descent}}},
  author = {di Langosco, Lauro Langosco and Fortuin, Vincent and Strathmann, Heiko},
  options = {useprefix=true},
  date = {2021-07-29},
  eprint = {2107.10731},
  eprinttype = {arxiv},
  eprintclass = {cs, stat},
  doi = {10.48550/arXiv.2107.10731},
  url = {http://arxiv.org/abs/2107.10731},
  urldate = {2022-09-04},
  pubstate = {preprint},
  keywords = {Computer Science - Machine Learning,Statistics - Computation,Statistics - Machine Learning}
}

@online{dinh_density_2017,
  title = {Density Estimation Using {{Real NVP}}},
  author = {Dinh, Laurent and Sohl-Dickstein, Jascha and Bengio, Samy},
  date = {2017-02-27},
  eprint = {1605.08803},
  eprinttype = {arxiv},
  eprintclass = {cs, stat},
  url = {http://arxiv.org/abs/1605.08803},
  urldate = {2022-09-19},
  pubstate = {preprint},
  keywords = {Computer Science - Artificial Intelligence,Computer Science - Machine Learning,Computer Science - Neural and Evolutionary Computing,Statistics - Machine Learning}
}

@article{du_evolutional_2021,
  title = {Evolutional {{Deep Neural Network}}},
  author = {Du, Yifan and Zaki, Tamer A.},
  date = {2021-10-04},
  journaltitle = {Physical Review E},
  shortjournal = {Phys. Rev. E},
  volume = {104},
  number = {4},
  eprint = {2103.09959},
  eprinttype = {arxiv},
  eprintclass = {physics},
  pages = {045303},
  issn = {2470-0045, 2470-0053},
  doi = {10.1103/PhysRevE.104.045303},
  url = {http://arxiv.org/abs/2103.09959},
  urldate = {2022-11-10},
  keywords = {Computer Science - Machine Learning,Physics - Computational Physics,Physics - Fluid Dynamics}
}

@online{duan_structure-preserving_2020,
  title = {Structure-{{Preserving Numerical Methods}} for {{Nonlinear Fokker--Planck Equations}} with {{Nonlocal Interactions}} by an {{Energetic Variational Approach}}},
  author = {Duan, Chenghua and Chen, Wenbin and Liu, Chun and Yue, Xingye and Zhou, Shenggao},
  date = {2020-08-16},
  eprint = {2008.06903},
  eprinttype = {arxiv},
  eprintclass = {cs, math},
  url = {http://arxiv.org/abs/2008.06903},
  urldate = {2022-09-29},
  pubstate = {preprint},
  keywords = {Mathematics - Numerical Analysis}
}

@article{dupuis_dynamic_2005,
  title = {Dynamic Importance Sampling for Uniformly Recurrent {{Markov}} Chains},
  author = {Dupuis, Paul and Wang, Hui},
  date = {2005-02-01},
  journaltitle = {The Annals of Applied Probability},
  shortjournal = {Ann. Appl. Probab.},
  volume = {15},
  issn = {1050-5164},
  doi = {10.1214/105051604000001016},
  url = {https://projecteuclid.org/journals/annals-of-applied-probability/volume-15/issue-1A/Dynamic-importance-sampling-for-uniformly-recurrent-Markov-chains/10.1214/105051604000001016.full},
  urldate = {2023-03-02},
  issue = {1A}
}

@article{e_machine_2020,
  title = {Machine {{Learning}} and {{Computational Mathematics}}},
  author = {E, Weinan},
  date = {2020-06},
  journaltitle = {Communications in Computational Physics},
  shortjournal = {CiCP},
  volume = {28},
  number = {5},
  eprint = {2009.14596},
  eprinttype = {arxiv},
  eprintclass = {cs, math, stat},
  pages = {1639--1670},
  issn = {1815-2406, 1991-7120},
  doi = {10.4208/cicp.OA-2020-0185},
  url = {http://arxiv.org/abs/2009.14596},
  urldate = {2023-07-13},
  keywords = {{68T07, 46E15, 26B35, 26B40},Computer Science - Machine Learning,Mathematics - Numerical Analysis,Statistics - Machine Learning}
}

@online{fan_variational_2022,
  title = {Variational {{Wasserstein}} Gradient Flow},
  author = {Fan, Jiaojiao and Zhang, Qinsheng and Taghvaei, Amirhossein and Chen, Yongxin},
  date = {2022-07-24},
  eprint = {2112.02424},
  eprinttype = {arxiv},
  eprintclass = {cs},
  doi = {10.48550/arXiv.2112.02424},
  url = {http://arxiv.org/abs/2112.02424},
  urldate = {2022-09-01},
  pubstate = {preprint},
  keywords = {Computer Science - Machine Learning}
}

@article{fang_uniform_2000,
  title = {Uniform {{Design}}: {{Theory}} and {{Application}}},
  shorttitle = {Uniform {{Design}}},
  author = {Fang, Kai-Tai and Lin, Dennis K.J. and Winker, Peter and Zhang, Yong},
  date = {2000-08-01},
  journaltitle = {Technometrics},
  volume = {42},
  number = {3},
  pages = {237--248},
  publisher = {{Taylor \& Francis}},
  issn = {0040-1706},
  doi = {10.1080/00401706.2000.10486045},
  url = {https://www.tandfonline.com/doi/abs/10.1080/00401706.2000.10486045},
  urldate = {2023-02-20},
  keywords = {Computer experiment,Discrepancy,Orthogonal design,Threshold accepting}
}

@article{feng_solving_2022,
  title = {Solving Time Dependent {{Fokker-Planck}} Equations via Temporal Normalizing Flow},
  author = {Feng, Xiaodong and Zeng, Li and Zhou, Tao},
  date = {2022-06},
  journaltitle = {Communications in Computational Physics},
  shortjournal = {CiCP},
  volume = {32},
  number = {2},
  eprint = {2112.14012},
  eprinttype = {arxiv},
  eprintclass = {cs},
  pages = {401--423},
  issn = {1815-2406, 1991-7120},
  doi = {10.4208/cicp.OA-2022-0090},
  url = {http://arxiv.org/abs/2112.14012},
  urldate = {2023-03-02},
  keywords = {Computer Science - Machine Learning}
}

@article{forster_mathematical_nodate,
  title = {Mathematical {{Modeling}} of {{Complex Fluids}}},
  author = {Forster, Johannes},
  pages = {73}
}

@article{fortuin_priors_2022,
  title = {Priors in {{Bayesian Deep Learning}}: {{A Review}}},
  shorttitle = {Priors in {{Bayesian Deep Learning}}},
  author = {Fortuin, Vincent},
  date = {2022},
  journaltitle = {International Statistical Review},
  volume = {90},
  number = {3},
  pages = {563--591},
  issn = {1751-5823},
  doi = {10.1111/insr.12502},
  url = {https://onlinelibrary.wiley.com/doi/abs/10.1111/insr.12502},
  urldate = {2023-08-03},
  keywords = {Bayesian deep learning,Bayesian learning,deep learning,priors}
}

@article{fraley_model-based_2002,
  title = {Model-{{Based Clustering}}, {{Discriminant Analysis}}, and {{Density Estimation}}},
  author = {Fraley, Chris and Raftery, Adrian E},
  date = {2002-06},
  journaltitle = {Journal of the American Statistical Association},
  shortjournal = {Journal of the American Statistical Association},
  volume = {97},
  number = {458},
  pages = {611--631},
  issn = {0162-1459, 1537-274X},
  doi = {10.1198/016214502760047131},
  url = {http://www.tandfonline.com/doi/abs/10.1198/016214502760047131},
  urldate = {2023-04-24}
}

@article{gabrie_adaptive_2022,
  title = {Adaptive {{Monte Carlo}} Augmented with Normalizing Flows},
  author = {Gabrié, Marylou and Rotskoff, Grant M. and Vanden-Eijnden, Eric},
  date = {2022-03-08},
  journaltitle = {Proceedings of the National Academy of Sciences},
  shortjournal = {Proc. Natl. Acad. Sci. U.S.A.},
  volume = {119},
  number = {10},
  eprint = {2105.12603},
  eprinttype = {arxiv},
  eprintclass = {cond-mat, physics:physics},
  pages = {e2109420119},
  issn = {0027-8424, 1091-6490},
  doi = {10.1073/pnas.2109420119},
  url = {http://arxiv.org/abs/2105.12603},
  urldate = {2022-10-20},
  keywords = {Condensed Matter - Disordered Systems and Neural Networks,Condensed Matter - Statistical Mechanics,{Physics - Data Analysis, Statistics and Probability}}
}

@article{garbuno-inigo_affine_2020,
  title = {Affine {{Invariant Interacting Langevin Dynamics}} for {{Bayesian Inference}}},
  author = {Garbuno-Inigo, Alfredo and Nüsken, Nikolas and Reich, Sebastian},
  date = {2020-01},
  journaltitle = {SIAM Journal on Applied Dynamical Systems},
  shortjournal = {SIAM J. Appl. Dyn. Syst.},
  volume = {19},
  number = {3},
  pages = {1633--1658},
  issn = {1536-0040},
  doi = {10.1137/19M1304891},
  url = {https://epubs.siam.org/doi/10.1137/19M1304891},
  urldate = {2023-02-23}
}

@article{garcia_trillos_continuum_2018,
  title = {Continuum {{Limits}} of {{Posteriors}} in {{Graph Bayesian Inverse Problems}}},
  author = {García Trillos, Nicolás and Sanz-Alonso, Daniel},
  date = {2018-01},
  journaltitle = {SIAM Journal on Mathematical Analysis},
  shortjournal = {SIAM J. Math. Anal.},
  volume = {50},
  number = {4},
  pages = {4020--4040},
  publisher = {{Society for Industrial and Applied Mathematics}},
  issn = {0036-1410},
  doi = {10.1137/17M1138005},
  url = {https://epubs.siam.org/doi/abs/10.1137/17M1138005},
  urldate = {2023-07-13}
}

@online{gerdes_learning_2022,
  title = {Learning {{Lattice Quantum Field Theories}} with {{Equivariant Continuous Flows}}},
  author = {Gerdes, Mathis and de Haan, Pim and Rainone, Corrado and Bondesan, Roberto and Cheng, Miranda C. N.},
  options = {useprefix=true},
  date = {2022-08-25},
  eprint = {2207.00283},
  eprinttype = {arxiv},
  eprintclass = {cond-mat, physics:hep-lat, physics:hep-th},
  doi = {10.48550/arXiv.2207.00283},
  url = {http://arxiv.org/abs/2207.00283},
  urldate = {2023-02-20},
  pubstate = {preprint},
  keywords = {Computer Science - Machine Learning,Condensed Matter - Statistical Mechanics,High Energy Physics - Lattice,High Energy Physics - Theory}
}

@incollection{ghaderinezhad_impact_2019,
  title = {On the {{Impact}} of the {{Choice}} of the {{Prior}} in {{Bayesian Statistics}}},
  booktitle = {Bayesian {{Inference}} on {{Complicated Data}}},
  author = {Ghaderinezhad, Fatemeh and Ley, Christophe and Ghaderinezhad, Fatemeh and Ley, Christophe},
  date = {2019-09-21},
  publisher = {{IntechOpen}},
  doi = {10.5772/intechopen.88994},
  url = {https://www.intechopen.com/chapters/69160},
  urldate = {2023-08-03},
  isbn = {978-1-83880-386-5}
}

@incollection{giga_variational_2017,
  title = {Variational {{Modeling}} and {{Complex Fluids}}},
  booktitle = {Handbook of {{Mathematical Analysis}} in {{Mechanics}} of {{Viscous Fluids}}},
  author = {Giga, Mi-Ho and Kirshtein, Arkadz and Liu, Chun},
  editor = {Giga, Yoshikazu and Novotny, Antonin},
  date = {2017},
  pages = {1--41},
  publisher = {{Springer International Publishing}},
  location = {{Cham}},
  doi = {10.1007/978-3-319-10151-4_2-1},
  url = {http://link.springer.com/10.1007/978-3-319-10151-4_2-1},
  urldate = {2023-07-13},
  isbn = {978-3-319-10151-4}
}

@online{gramacy_bayesian_2009,
  title = {Bayesian Treed {{Gaussian}} Process Models with an Application to Computer Modeling},
  author = {Gramacy, Robert B. and Lee, Herbert K. H.},
  date = {2009-03-17},
  eprint = {0710.4536},
  eprinttype = {arxiv},
  eprintclass = {stat},
  doi = {10.48550/arXiv.0710.4536},
  url = {http://arxiv.org/abs/0710.4536},
  urldate = {2023-07-13},
  pubstate = {preprint},
  keywords = {Statistics - Applications,Statistics - Computation,Statistics - Methodology}
}

@online{gramacy_bayesian_2009-1,
  title = {Bayesian Treed {{Gaussian}} Process Models with an Application to Computer Modeling},
  author = {Gramacy, Robert B. and Lee, Herbert K. H.},
  date = {2009-03-17},
  eprint = {0710.4536},
  eprinttype = {arxiv},
  eprintclass = {stat},
  url = {http://arxiv.org/abs/0710.4536},
  urldate = {2023-07-20},
  pubstate = {preprint},
  keywords = {Statistics - Applications,Statistics - Computation,Statistics - Methodology}
}

@article{gramacy_lagp_2016,
  title = {{{{\textbf{laGP}}}} : {{Large-Scale Spatial Modeling}} via {{Local Approximate Gaussian Processes}} in {{{\emph{R}}}}},
  shorttitle = {{{{\textbf{laGP}}}}},
  author = {Gramacy, Robert B.},
  date = {2016},
  journaltitle = {Journal of Statistical Software},
  shortjournal = {J. Stat. Soft.},
  volume = {72},
  number = {1},
  issn = {1548-7660},
  doi = {10.18637/jss.v072.i01},
  url = {http://www.jstatsoft.org/v72/i01/},
  urldate = {2023-07-13}
}

@online{gu_lipschitz_2022,
  title = {Lipschitz Regularized Gradient Flows and Latent Generative Particles},
  author = {Gu, Hyemin and Birmpa, Panagiota and Pantazis, Yannis and Rey-Bellet, Luc and Katsoulakis, Markos A.},
  date = {2022-11-07},
  eprint = {2210.17230},
  eprinttype = {arxiv},
  eprintclass = {cs, stat},
  url = {http://arxiv.org/abs/2210.17230},
  urldate = {2023-02-06},
  pubstate = {preprint},
  keywords = {Computer Science - Machine Learning,Statistics - Machine Learning}
}

@article{gu_robustgasp_2019,
  title = {{{RobustGaSP}}: {{Robust Gaussian Stochastic Process Emulation}} in {{R}}},
  shorttitle = {{{RobustGaSP}}},
  author = {Gu, Mengyang and Palomo, Jesus and Berger, O., James},
  date = {2019},
  journaltitle = {The R Journal},
  shortjournal = {The R Journal},
  volume = {11},
  number = {1},
  pages = {112},
  issn = {2073-4859},
  doi = {10.32614/RJ-2019-011},
  url = {https://journal.r-project.org/archive/2019/RJ-2019-011/index.html},
  urldate = {2023-05-06}
}

@online{hackett_flow-based_2021,
  title = {Flow-Based Sampling for Multimodal Distributions in Lattice Field Theory},
  author = {Hackett, Daniel C. and Hsieh, Chung-Chun and Albergo, Michael S. and Boyda, Denis and Chen, Jiunn-Wei and Chen, Kai-Feng and Cranmer, Kyle and Kanwar, Gurtej and Shanahan, Phiala E.},
  date = {2021-07-01},
  eprint = {2107.00734},
  eprinttype = {arxiv},
  eprintclass = {cond-mat, physics:hep-lat},
  doi = {10.48550/arXiv.2107.00734},
  url = {http://arxiv.org/abs/2107.00734},
  urldate = {2023-02-20},
  pubstate = {preprint},
  keywords = {Computer Science - Machine Learning,Condensed Matter - Statistical Mechanics,High Energy Physics - Lattice}
}

@article{han_solving_2018,
  title = {Solving High-Dimensional Partial Differential Equations Using Deep Learning},
  author = {Han, Jiequn and Jentzen, Arnulf and E, Weinan},
  date = {2018-08-21},
  journaltitle = {Proceedings of the National Academy of Sciences},
  shortjournal = {Proc. Natl. Acad. Sci. U.S.A.},
  volume = {115},
  number = {34},
  eprint = {1707.02568},
  eprinttype = {arxiv},
  eprintclass = {cs, math},
  pages = {8505--8510},
  issn = {0027-8424, 1091-6490},
  doi = {10.1073/pnas.1718942115},
  url = {http://arxiv.org/abs/1707.02568},
  urldate = {2022-11-10},
  keywords = {Computer Science - Machine Learning,Mathematics - Numerical Analysis,Mathematics - Optimization and Control,Mathematics - Probability}
}

@online{hu_energetic_2022,
  title = {Energetic {{Variational Neural Network Discretizations}} to {{Gradient Flows}}},
  author = {Hu, Ziqing and Liu, Chun and Wang, Yiwei and Xu, Zhiliang},
  date = {2022-06-15},
  eprint = {2206.07303},
  eprinttype = {arxiv},
  eprintclass = {cs, math},
  url = {http://arxiv.org/abs/2206.07303},
  urldate = {2022-08-18},
  pubstate = {preprint},
  keywords = {Mathematics - Numerical Analysis}
}

@article{huang_accelerate_2017,
  title = {Accelerate {{Monte Carlo Simulations}} with {{Restricted Boltzmann Machines}}},
  author = {Huang, Li and Wang, Lei},
  date = {2017-01-04},
  journaltitle = {Physical Review B},
  shortjournal = {Phys. Rev. B},
  volume = {95},
  number = {3},
  eprint = {1610.02746},
  eprinttype = {arxiv},
  eprintclass = {cond-mat, physics:physics, stat},
  pages = {035105},
  issn = {2469-9950, 2469-9969},
  doi = {10.1103/PhysRevB.95.035105},
  url = {http://arxiv.org/abs/1610.02746},
  urldate = {2023-02-21},
  keywords = {Condensed Matter - Strongly Correlated Electrons,Physics - Computational Physics,Statistics - Machine Learning}
}

@book{huang_bridging_2022,
  title = {Bridging {{Mean-Field Games}} and {{Normalizing Flows}} with {{Trajectory Regularization}} *},
  author = {Huang, Han and Yu, Jiajia and Chen, Jie and Lai, Rongjie},
  date = {2022-06-12},
  doi = {10.48550/arXiv.2206.14990}
}

@online{huang_convex_2021,
  title = {Convex {{Potential Flows}}: {{Universal Probability Distributions}} with {{Optimal Transport}} and {{Convex Optimization}}},
  shorttitle = {Convex {{Potential Flows}}},
  author = {Huang, Chin-Wei and Chen, Ricky T. Q. and Tsirigotis, Christos and Courville, Aaron},
  date = {2021-02-23},
  eprint = {2012.05942},
  eprinttype = {arxiv},
  eprintclass = {cs, math},
  url = {http://arxiv.org/abs/2012.05942},
  urldate = {2022-08-18},
  pubstate = {preprint},
  keywords = {Computer Science - Machine Learning,Mathematics - Optimization and Control}
}

@online{huang_neural_2018,
  title = {Neural {{Autoregressive Flows}}},
  author = {Huang, Chin-Wei and Krueger, David and Lacoste, Alexandre and Courville, Aaron},
  date = {2018-04-02},
  eprint = {1804.00779},
  eprinttype = {arxiv},
  eprintclass = {cs, stat},
  doi = {10.48550/arXiv.1804.00779},
  url = {http://arxiv.org/abs/1804.00779},
  urldate = {2022-09-01},
  pubstate = {preprint},
  keywords = {Computer Science - Machine Learning,Statistics - Machine Learning}
}

@online{hwang_deep_2021,
  title = {The {{Deep Minimizing Movement Scheme}}},
  author = {Hwang, Hyung Ju and Kim, Cheolhyeong and Park, Min Sue and Son, Hwijae},
  date = {2021-11-19},
  eprint = {2109.14851},
  eprinttype = {arxiv},
  eprintclass = {cs, math},
  url = {http://arxiv.org/abs/2109.14851},
  urldate = {2022-08-17},
  pubstate = {preprint},
  keywords = {Mathematics - Analysis of PDEs,Mathematics - Numerical Analysis,Mathematics - Optimization and Control},
  annotation = {cites: hwang\_deep\_2021}
}

@online{izmailov_semi-supervised_2019,
  title = {Semi-{{Supervised Learning}} with {{Normalizing Flows}}},
  author = {Izmailov, Pavel and Kirichenko, Polina and Finzi, Marc and Wilson, Andrew Gordon},
  date = {2019-12-30},
  eprint = {1912.13025},
  eprinttype = {arxiv},
  eprintclass = {cs, stat},
  doi = {10.48550/arXiv.1912.13025},
  url = {http://arxiv.org/abs/1912.13025},
  urldate = {2022-11-21},
  pubstate = {preprint},
  keywords = {Computer Science - Machine Learning,Statistics - Machine Learning}
}

@online{jing_deep_2022,
  title = {A Deep Learning Framework for Geodesics under Spherical {{Wasserstein-Fisher-Rao}} Metric and Its Application for Weighted Sample Generation},
  author = {Jing, Yang and Chen, Jiaheng and Li, Lei and Lu, Jianfeng},
  date = {2022-08-25},
  eprint = {2208.12145},
  eprinttype = {arxiv},
  eprintclass = {cs, math},
  url = {http://arxiv.org/abs/2208.12145},
  urldate = {2022-08-29},
  pubstate = {preprint},
  keywords = {Computer Science - Machine Learning,Mathematics - Probability}
}

@article{jones_design_2009,
  title = {Design and Analysis for the {{Gaussian}} Process Model},
  author = {Jones, Bradley and Johnson, Rachel T.},
  date = {2009},
  journaltitle = {Quality and Reliability Engineering International},
  volume = {25},
  number = {5},
  pages = {515--524},
  issn = {1099-1638},
  doi = {10.1002/qre.1044},
  url = {https://onlinelibrary.wiley.com/doi/abs/10.1002/qre.1044},
  urldate = {2023-07-13},
  keywords = {computer experiments,Latin hypercube design,space-filling designs,surrogate model}
}

@article{jordan_variational_1998,
  title = {The {{Variational Formulation}} of the {{Fokker--Planck Equation}}},
  author = {Jordan, Richard and Kinderlehrer, David and Otto, Felix},
  date = {1998-01},
  journaltitle = {SIAM Journal on Mathematical Analysis},
  shortjournal = {SIAM J. Math. Anal.},
  volume = {29},
  number = {1},
  pages = {1--17},
  issn = {0036-1410, 1095-7154},
  doi = {10.1137/S0036141096303359},
  url = {http://epubs.siam.org/doi/10.1137/S0036141096303359},
  urldate = {2022-10-06}
}

@article{joseph_bayesian_2006,
  title = {A {{Bayesian Approach}} to the {{Design}} and {{Analysis}} of {{Fractionated Experiments}}},
  author = {Joseph, V. Roshan},
  date = {2006-05},
  journaltitle = {Technometrics},
  shortjournal = {Technometrics},
  volume = {48},
  number = {2},
  pages = {219--229},
  issn = {0040-1706, 1537-2723},
  doi = {10.1198/004017005000000652},
  url = {http://www.tandfonline.com/doi/abs/10.1198/004017005000000652},
  urldate = {2023-06-05}
}

@online{kang_bayesian_2023,
  title = {Bayesian {{D-Optimal Design}} of {{Experiments}} with {{Quantitative}} and {{Qualitative Responses}}},
  author = {Kang, Lulu and Deng, Xinwei and Jin, Ran},
  date = {2023-04-20},
  eprint = {2304.08701},
  eprinttype = {arxiv},
  eprintclass = {stat},
  doi = {10.48550/arXiv.2304.08701},
  url = {http://arxiv.org/abs/2304.08701},
  urldate = {2023-07-20},
  pubstate = {preprint},
  keywords = {62K05,G.3,Statistics - Methodology}
}

@online{kang_bayesian_2023-1,
  title = {Bayesian {{D-Optimal Design}} of {{Experiments}} with {{Quantitative}} and {{Qualitative Responses}}},
  author = {Kang, Lulu and Deng, Xinwei and Jin, Ran},
  date = {2023-04-20},
  eprint = {2304.08701},
  eprinttype = {arxiv},
  eprintclass = {stat},
  doi = {10.48550/arXiv.2304.08701},
  url = {http://arxiv.org/abs/2304.08701},
  urldate = {2023-08-17},
  pubstate = {preprint},
  keywords = {62K05,G.3,Statistics - Methodology}
}

@online{kharazmi_variational_2019,
  title = {Variational {{Physics-Informed Neural Networks For Solving Partial Differential Equations}}},
  author = {Kharazmi, E. and Zhang, Z. and Karniadakis, G. E.},
  date = {2019-11-27},
  eprint = {1912.00873},
  eprinttype = {arxiv},
  eprintclass = {physics, stat},
  doi = {10.48550/arXiv.1912.00873},
  url = {http://arxiv.org/abs/1912.00873},
  urldate = {2022-11-10},
  pubstate = {preprint},
  keywords = {Computer Science - Machine Learning,Computer Science - Neural and Evolutionary Computing,Mathematics - Numerical Analysis,Physics - Computational Physics,Statistics - Machine Learning}
}

@online{kingma_glow_2018,
  title = {Glow: {{Generative Flow}} with {{Invertible}} 1x1 {{Convolutions}}},
  shorttitle = {Glow},
  author = {Kingma, Diederik P. and Dhariwal, Prafulla},
  date = {2018-07-10},
  eprint = {1807.03039},
  eprinttype = {arxiv},
  eprintclass = {cs, stat},
  url = {http://arxiv.org/abs/1807.03039},
  urldate = {2022-08-22},
  pubstate = {preprint},
  keywords = {ActNorm Layer,Computer Science - Artificial Intelligence,Computer Science - Machine Learning,Statistics - Machine Learning}
}

@online{kingma_improving_2017,
  title = {Improving {{Variational Inference}} with {{Inverse Autoregressive Flow}}},
  author = {Kingma, Diederik P. and Salimans, Tim and Jozefowicz, Rafal and Chen, Xi and Sutskever, Ilya and Welling, Max},
  date = {2017-01-30},
  eprint = {1606.04934},
  eprinttype = {arxiv},
  eprintclass = {cs, stat},
  doi = {10.48550/arXiv.1606.04934},
  url = {http://arxiv.org/abs/1606.04934},
  urldate = {2023-07-20},
  pubstate = {preprint},
  keywords = {Computer Science - Machine Learning,Statistics - Machine Learning}
}

@article{kobyzev_normalizing_2021-1,
  title = {Normalizing {{Flows}}: {{An Introduction}} and {{Review}} of {{Current Methods}}},
  shorttitle = {Normalizing {{Flows}}},
  author = {Kobyzev, Ivan and Prince, Simon J. D. and Brubaker, Marcus A.},
  date = {2021-11-01},
  journaltitle = {IEEE Transactions on Pattern Analysis and Machine Intelligence},
  shortjournal = {IEEE Trans. Pattern Anal. Mach. Intell.},
  volume = {43},
  number = {11},
  eprint = {1908.09257},
  eprinttype = {arxiv},
  eprintclass = {cs, stat},
  pages = {3964--3979},
  issn = {0162-8828, 2160-9292, 1939-3539},
  doi = {10.1109/TPAMI.2020.2992934},
  url = {http://arxiv.org/abs/1908.09257},
  urldate = {2022-09-29},
  keywords = {Computer Science - Machine Learning,Statistics - Machine Learning}
}

@online{korba_non-asymptotic_2021,
  title = {A {{Non-Asymptotic Analysis}} for {{Stein Variational Gradient Descent}}},
  author = {Korba, Anna and Salim, Adil and Arbel, Michael and Luise, Giulia and Gretton, Arthur},
  date = {2021-01-03},
  eprint = {2006.09797},
  eprinttype = {arxiv},
  eprintclass = {cs, stat},
  url = {http://arxiv.org/abs/2006.09797},
  urldate = {2023-02-20},
  pubstate = {preprint},
  keywords = {Computer Science - Machine Learning,Statistics - Machine Learning}
}

@online{krahenbuhl_data-dependent_2016,
  title = {Data-Dependent {{Initializations}} of {{Convolutional Neural Networks}}},
  author = {Krähenbühl, Philipp and Doersch, Carl and Donahue, Jeff and Darrell, Trevor},
  date = {2016-09-22},
  eprint = {1511.06856},
  eprinttype = {arxiv},
  eprintclass = {cs},
  doi = {10.48550/arXiv.1511.06856},
  url = {http://arxiv.org/abs/1511.06856},
  urldate = {2022-09-05},
  pubstate = {preprint},
  keywords = {Computer Science - Computer Vision and Pattern Recognition,Computer Science - Machine Learning}
}

@article{langosco_neural_nodate,
  title = {Neural {{Variational Gradient Descent}}},
  author = {Langosco, Lauro and Fortuin, Vincent and Strathmann, Heiko}
}

@article{levy_computer_2010,
  title = {Computer Experiments: A Review},
  shorttitle = {Computer Experiments},
  author = {Levy, Sigal and Steinberg, David M.},
  date = {2010-12-01},
  journaltitle = {AStA Advances in Statistical Analysis},
  shortjournal = {AStA Adv Stat Anal},
  volume = {94},
  number = {4},
  pages = {311--324},
  issn = {1863-818X},
  doi = {10.1007/s10182-010-0147-9},
  url = {https://doi.org/10.1007/s10182-010-0147-9},
  urldate = {2023-07-13},
  keywords = {Deterministic output,Functional data,Gaussian process,Latin hypercube designs,Space filling}
}

@article{levy_computer_2010-1,
  title = {Computer Experiments: A Review},
  shorttitle = {Computer Experiments},
  author = {Levy, Sigal and Steinberg, David M.},
  date = {2010-12-01},
  journaltitle = {AStA Advances in Statistical Analysis},
  shortjournal = {AStA Adv Stat Anal},
  volume = {94},
  number = {4},
  pages = {311--324},
  issn = {1863-818X},
  doi = {10.1007/s10182-010-0147-9},
  url = {https://doi.org/10.1007/s10182-010-0147-9},
  urldate = {2023-07-18},
  keywords = {Deterministic output,Functional data,Gaussian process,Latin hypercube designs,Space filling}
}

@online{li_hessian_2019,
  title = {Hessian Transport Gradient Flows},
  author = {Li, Wuchen and Ying, Lexing},
  date = {2019-05-14},
  eprint = {1905.04556},
  eprinttype = {arxiv},
  eprintclass = {cs, math},
  url = {http://arxiv.org/abs/1905.04556},
  urldate = {2023-02-20},
  pubstate = {preprint},
  keywords = {Computer Science - Information Theory}
}

@article{liao_second-order_2020,
  title = {A Second-Order and Nonuniform Time-Stepping Maximum-Principle Preserving Scheme for Time-Fractional {{Allen-Cahn}} Equations},
  author = {Liao, Hong-lin and Tang, Tao and Zhou, Tao},
  date = {2020-08},
  journaltitle = {Journal of Computational Physics},
  shortjournal = {Journal of Computational Physics},
  volume = {414},
  eprint = {1909.10216},
  eprinttype = {arxiv},
  eprintclass = {cs, math},
  pages = {109473},
  issn = {00219991},
  doi = {10.1016/j.jcp.2020.109473},
  url = {http://arxiv.org/abs/1909.10216},
  urldate = {2023-03-01},
  keywords = {{35Q99, 65M06, 65M12, 74A50},Mathematics - Numerical Analysis}
}

@article{liao_second-order_2020-1,
  title = {A Second-Order and Nonuniform Time-Stepping Maximum-Principle Preserving Scheme for Time-Fractional {{Allen-Cahn}} Equations},
  author = {Liao, Hong-lin and Tang, Tao and Zhou, Tao},
  date = {2020-08},
  journaltitle = {Journal of Computational Physics},
  shortjournal = {Journal of Computational Physics},
  volume = {414},
  eprint = {1909.10216},
  eprinttype = {arxiv},
  eprintclass = {cs, math},
  pages = {109473},
  issn = {00219991},
  doi = {10.1016/j.jcp.2020.109473},
  url = {http://arxiv.org/abs/1909.10216},
  urldate = {2023-03-02},
  keywords = {{35Q99, 65M06, 65M12, 74A50},Mathematics - Numerical Analysis}
}

@article{linkletter_variable_2006,
  title = {Variable {{Selection}} for {{Gaussian Process Models}} in {{Computer Experiments}}},
  author = {Linkletter, Crystal and Bingham, Derek and Hengartner, Nicholas and Higdon, David and Ye, Kenny Q},
  date = {2006-11},
  journaltitle = {Technometrics},
  shortjournal = {Technometrics},
  volume = {48},
  number = {4},
  pages = {478--490},
  issn = {0040-1706, 1537-2723},
  doi = {10.1198/004017006000000228},
  url = {http://www.tandfonline.com/doi/abs/10.1198/004017006000000228},
  urldate = {2023-07-13}
}

@article{liu_energetic_2019,
  title = {An {{Energetic Variational Approach}} for the {{Cahn--Hilliard Equation}} with {{Dynamic Boundary Condition}}: {{Model Derivation}} and {{Mathematical Analysis}}},
  shorttitle = {An {{Energetic Variational Approach}} for the {{Cahn--Hilliard Equation}} with {{Dynamic Boundary Condition}}},
  author = {Liu, Chun and Wu, Hao},
  date = {2019-07},
  journaltitle = {Archive for Rational Mechanics and Analysis},
  shortjournal = {Arch Rational Mech Anal},
  volume = {233},
  number = {1},
  eprint = {1710.08318},
  eprinttype = {arxiv},
  eprintclass = {math},
  pages = {167--247},
  issn = {0003-9527, 1432-0673},
  doi = {10.1007/s00205-019-01356-x},
  url = {http://arxiv.org/abs/1710.08318},
  urldate = {2023-07-19},
  keywords = {{35K25, 35K60, 35B40, 35A15, 37E35, 49S05, 80A22},Mathematics - Analysis of PDEs}
}

@article{liu_lagrangian_2020-1,
  title = {On {{Lagrangian}} Schemes for Porous Medium Type Generalized Diffusion Equations: {{A}} Discrete Energetic Variational Approach},
  shorttitle = {On {{Lagrangian}} Schemes for Porous Medium Type Generalized Diffusion Equations},
  author = {Liu, Chun and Wang, Yiwei},
  date = {2020-09-15},
  journaltitle = {Journal of Computational Physics},
  shortjournal = {Journal of Computational Physics},
  volume = {417},
  pages = {109566},
  issn = {0021-9991},
  doi = {10.1016/j.jcp.2020.109566},
  url = {https://www.sciencedirect.com/science/article/pii/S0021999120303405},
  urldate = {2023-07-20},
  keywords = {Energetic variational approach,Finite speed propagation of free boundary,Porous medium type diffusion,Variational Lagrangian scheme,Waiting time}
}

@article{liu_neural_2022,
  title = {Neural {{Parametric Fokker--Planck Equation}}},
  author = {Liu, Shu and Li, Wuchen and Zha, Hongyuan and Zhou, Haomin},
  date = {2022-06},
  journaltitle = {SIAM Journal on Numerical Analysis},
  shortjournal = {SIAM J. Numer. Anal.},
  volume = {60},
  number = {3},
  pages = {1385--1449},
  issn = {0036-1429, 1095-7170},
  doi = {10.1137/20M1344986},
  url = {https://epubs.siam.org/doi/10.1137/20M1344986},
  urldate = {2022-08-23}
}

@online{liu_riemannian_2017,
  title = {Riemannian {{Stein Variational Gradient Descent}} for {{Bayesian Inference}}},
  author = {Liu, Chang and Zhu, Jun},
  date = {2017-11-29},
  eprint = {1711.11216},
  eprinttype = {arxiv},
  eprintclass = {stat},
  doi = {10.48550/arXiv.1711.11216},
  url = {http://arxiv.org/abs/1711.11216},
  urldate = {2023-07-20},
  pubstate = {preprint},
  keywords = {Statistics - Machine Learning}
}

@online{liu_second_2022,
  title = {Second {{Order Ensemble Langevin Method}} for {{Sampling}} and {{Inverse Problems}}},
  author = {Liu, Ziming and Stuart, Andrew M. and Wang, Yixuan},
  date = {2022-10-24},
  eprint = {2208.04506},
  eprinttype = {arxiv},
  eprintclass = {cs, math, stat},
  url = {http://arxiv.org/abs/2208.04506},
  urldate = {2023-02-23},
  pubstate = {preprint},
  keywords = {Computer Science - Machine Learning,Mathematics - Dynamical Systems,Mathematics - Numerical Analysis,Statistics - Methodology}
}

@online{liu_stein_2019,
  title = {Stein {{Variational Gradient Descent}}: {{A General Purpose Bayesian Inference Algorithm}}},
  shorttitle = {Stein {{Variational Gradient Descent}}},
  author = {Liu, Qiang and Wang, Dilin},
  date = {2019-09-09},
  eprint = {1608.04471},
  eprinttype = {arxiv},
  eprintclass = {cs, stat},
  doi = {10.48550/arXiv.1608.04471},
  url = {http://arxiv.org/abs/1608.04471},
  urldate = {2022-09-19},
  pubstate = {preprint},
  keywords = {Computer Science - Machine Learning,Statistics - Machine Learning}
}

@online{liu_understanding_2019,
  title = {Understanding and {{Accelerating Particle-Based Variational Inference}}},
  author = {Liu, Chang and Zhuo, Jingwei and Cheng, Pengyu and Zhang, Ruiyi and Zhu, Jun and Carin, Lawrence},
  date = {2019-07-16},
  eprint = {1807.01750},
  eprinttype = {arxiv},
  eprintclass = {cs, stat},
  doi = {10.48550/arXiv.1807.01750},
  url = {http://arxiv.org/abs/1807.01750},
  urldate = {2022-10-03},
  pubstate = {preprint},
  keywords = {Computer Science - Machine Learning,Statistics - Machine Learning}
}

@article{liu_when_2020,
  title = {When {{Gaussian Process Meets Big Data}}: {{A Review}} of {{Scalable GPs}}},
  shorttitle = {When {{Gaussian Process Meets Big Data}}},
  author = {Liu, Haitao and Ong, Yew-Soon and Shen, Xiaobo and Cai, Jianfei},
  date = {2020-11},
  journaltitle = {IEEE Transactions on Neural Networks and Learning Systems},
  volume = {31},
  number = {11},
  pages = {4405--4423},
  issn = {2162-2388},
  doi = {10.1109/TNNLS.2019.2957109},
  eventtitle = {{{IEEE Transactions}} on {{Neural Networks}} and {{Learning Systems}}},
  keywords = {Big data,Complexity theory,Computational modeling,Gaussian process regression (GPR),Ground penetrating radar,Kernel,local approximations,Predictive models,scalability,Scalability,sparse approximations,Sparse representation}
}

@article{loredo_bayesian_2014,
  title = {Bayesian {{Computation}}: {{Posterior Sampling}} \& {{MCMC}}},
  author = {Loredo, Tom},
  date = {2014-06},
  journaltitle = {Markov chain Monte Carlo}
}

@article{lu_deeponet_2021,
  title = {{{DeepONet}}: {{Learning}} Nonlinear Operators for Identifying Differential Equations Based on the Universal Approximation Theorem of Operators},
  shorttitle = {{{DeepONet}}},
  author = {Lu, Lu and Jin, Pengzhan and Karniadakis, George Em},
  date = {2021-03},
  journaltitle = {Nature Machine Intelligence},
  shortjournal = {Nat Mach Intell},
  volume = {3},
  number = {3},
  eprint = {1910.03193},
  eprinttype = {arxiv},
  eprintclass = {cs, stat},
  pages = {218--229},
  issn = {2522-5839},
  doi = {10.1038/s42256-021-00302-5},
  url = {http://arxiv.org/abs/1910.03193},
  urldate = {2022-11-10},
  keywords = {Computer Science - Machine Learning,Statistics - Machine Learning}
}

@software{macdoanld_gpfit_2019,
  title = {{{GPfit}}: {{Gaussian Processes Modeling}}},
  shorttitle = {{{GPfit}}},
  author = {MacDoanld, Blake and Chipman, Hugh and Campbell, Chris and Ranjan, Pritam},
  date = {2019-02-08},
  url = {https://cran.r-project.org/web/packages/GPfit/index.html},
  urldate = {2023-07-20},
  version = {1.0-8}
}

@article{macdonald_gpfit_2015,
  title = {{{GPfit}}: {{An R Package}} for {{Fitting}} a {{Gaussian Process Model}} to {{Deterministic Simulator Outputs}}},
  shorttitle = {{{GPfit}}},
  author = {MacDonald, Blake and Ranjan, Pritam and Chipman, Hugh},
  date = {2015-04-08},
  journaltitle = {Journal of Statistical Software},
  volume = {64},
  pages = {1--23},
  issn = {1548-7660},
  doi = {10.18637/jss.v064.i12},
  url = {https://doi.org/10.18637/jss.v064.i12},
  urldate = {2023-04-17}
}

@online{mak_support_2018,
  title = {Support Points},
  author = {Mak, Simon and Joseph, V. Roshan},
  date = {2018-09-09},
  eprint = {1609.01811},
  eprinttype = {arxiv},
  eprintclass = {math, stat},
  url = {http://arxiv.org/abs/1609.01811},
  urldate = {2023-02-20},
  pubstate = {preprint},
  keywords = {62E17,Mathematics - Statistics Theory,Statistics - Methodology}
}

@inproceedings{mika_fisher_1999,
  title = {Fisher Discriminant Analysis with Kernels},
  booktitle = {Neural {{Networks}} for {{Signal Processing IX}}: {{Proceedings}} of the 1999 {{IEEE Signal Processing Society Workshop}} ({{Cat}}. {{No}}.{{98TH8468}})},
  author = {Mika, S. and Ratsch, G. and Weston, J. and Scholkopf, B. and Mullers, K.R.},
  date = {1999},
  pages = {41--48},
  doi = {10.1109/NNSP.1999.788121},
  eventtitle = {Neural {{Networks}} for {{Signal Processing IX}}: {{Proceedings}} of the 1999 {{IEEE Signal Processing Society Workshop}} ({{Cat}}. {{No}}.{{98TH8468}})},
  keywords = {Algorithm design and analysis,Closed-form solution,Computational modeling,Feature extraction,Gaussian distribution,Kernel,Large-scale systems,Principal component analysis,Probability,Support vector machines}
}

@article{miller_inverse_1981,
  title = {On the Inverse of the Sum of Matrices},
  author = {Miller, Kenneth S.},
  date = {1981-03},
  journaltitle = {Mathematics Magazine},
  shortjournal = {Mathematics Magazine},
  volume = {54},
  number = {2},
  pages = {67--72},
  issn = {0025-570X, 1930-0980},
  doi = {10.1080/0025570X.1981.11976898},
  url = {https://www.tandfonline.com/doi/full/10.1080/0025570X.1981.11976898},
  urldate = {2022-08-18}
}

@online{mokrov_large-scale_2021,
  title = {Large-{{Scale Wasserstein Gradient Flows}}},
  author = {Mokrov, Petr and Korotin, Alexander and Li, Lingxiao and Genevay, Aude and Solomon, Justin and Burnaev, Evgeny},
  date = {2021-10-25},
  eprint = {2106.00736},
  eprinttype = {arxiv},
  eprintclass = {cs},
  doi = {10.48550/arXiv.2106.00736},
  url = {http://arxiv.org/abs/2106.00736},
  urldate = {2022-09-05},
  pubstate = {preprint},
  keywords = {Computer Science - Machine Learning}
}

@online{mroueh_sobolev_2019,
  title = {Sobolev {{Descent}}},
  author = {Mroueh, Youssef and Sercu, Tom and Raj, Anant},
  date = {2019-08-05},
  eprint = {1805.12062},
  eprinttype = {arxiv},
  eprintclass = {cs, stat},
  doi = {10.48550/arXiv.1805.12062},
  url = {http://arxiv.org/abs/1805.12062},
  urldate = {2022-11-21},
  pubstate = {preprint},
  keywords = {Computer Science - Machine Learning,Statistics - Machine Learning}
}

@online{mroueh_unbalanced_2020,
  title = {Unbalanced {{Sobolev Descent}}},
  author = {Mroueh, Youssef and Rigotti, Mattia},
  date = {2020-09-29},
  eprint = {2009.14148},
  eprinttype = {arxiv},
  eprintclass = {cs, stat},
  url = {http://arxiv.org/abs/2009.14148},
  urldate = {2022-11-21},
  pubstate = {preprint},
  keywords = {Computer Science - Machine Learning,Statistics - Machine Learning}
}

@inproceedings{neshatpour_icnn_2018,
  title = {{{ICNN}}: {{An}} Iterative Implementation of Convolutional Neural Networks to Enable Energy and Computational Complexity Aware Dynamic Approximation},
  shorttitle = {{{ICNN}}},
  booktitle = {2018 {{Design}}, {{Automation}} \& {{Test}} in {{Europe Conference}} \& {{Exhibition}} ({{DATE}})},
  author = {Neshatpour, Katayoun and Behnia, Farnaz and Homayoun, Houman and Sasan, Avesta},
  date = {2018-03},
  pages = {551--556},
  issn = {1558-1101},
  doi = {10.23919/DATE.2018.8342068},
  eventtitle = {2018 {{Design}}, {{Automation}} \& {{Test}} in {{Europe Conference}} \& {{Exhibition}} ({{DATE}})},
  keywords = {Computational complexity,Computer architecture,Convolutional neural networks,Discrete wavelet transforms,Feature extraction,Mathematical model,Training}
}

@online{noauthor_non-gaussian_nodate,
  title = {Non-{{Gaussian Noise}} - an Overview | {{ScienceDirect Topics}}},
  url = {https://www.sciencedirect.com/topics/engineering/non-gaussian-noise},
  urldate = {2023-07-20}
}

@book{noauthor_notitle_nodate,
  type = {book}
}

@online{noe_boltzmann_2019,
  title = {Boltzmann {{Generators}} -- {{Sampling Equilibrium States}} of {{Many-Body Systems}} with {{Deep Learning}}},
  author = {Noé, Frank and Olsson, Simon and Köhler, Jonas and Wu, Hao},
  date = {2019-07-12},
  eprint = {1812.01729},
  eprinttype = {arxiv},
  eprintclass = {cond-mat, physics:physics, stat},
  doi = {10.48550/arXiv.1812.01729},
  url = {http://arxiv.org/abs/1812.01729},
  urldate = {2023-02-21},
  pubstate = {preprint},
  keywords = {Computer Science - Machine Learning,Condensed Matter - Statistical Mechanics,Physics - Chemical Physics,Statistics - Machine Learning}
}

@online{onken_ot-flow_2021,
  title = {{{OT-Flow}}: {{Fast}} and {{Accurate Continuous Normalizing Flows}} via {{Optimal Transport}}},
  shorttitle = {{{OT-Flow}}},
  author = {Onken, Derek and Fung, Samy Wu and Li, Xingjian and Ruthotto, Lars},
  date = {2021-03-23},
  eprint = {2006.00104},
  eprinttype = {arxiv},
  eprintclass = {cs, stat},
  url = {http://arxiv.org/abs/2006.00104},
  urldate = {2023-01-23},
  pubstate = {preprint},
  keywords = {Computer Science - Machine Learning,Statistics - Machine Learning}
}

@article{onsager_reciprocal_1931,
  title = {Reciprocal {{Relations}} in {{Irreversible Processes}}. {{II}}.},
  author = {Onsager, Lars},
  date = {1931-12-15},
  journaltitle = {Physical Review},
  shortjournal = {Phys. Rev.},
  volume = {38},
  number = {12},
  pages = {2265--2279},
  publisher = {{American Physical Society}},
  doi = {10.1103/PhysRev.38.2265},
  url = {https://link.aps.org/doi/10.1103/PhysRev.38.2265},
  urldate = {2023-07-13}
}

@article{onsager_reciprocal_1931-1,
  title = {Reciprocal {{Relations}} in {{Irreversible Processes}}. {{I}}.},
  author = {Onsager, Lars},
  date = {1931-02-15},
  journaltitle = {Physical Review},
  shortjournal = {Phys. Rev.},
  volume = {37},
  number = {4},
  pages = {405--426},
  publisher = {{American Physical Society}},
  doi = {10.1103/PhysRev.37.405},
  url = {https://link.aps.org/doi/10.1103/PhysRev.37.405},
  urldate = {2023-08-24}
}

@online{papamakarios_masked_2018,
  title = {Masked {{Autoregressive Flow}} for {{Density Estimation}}},
  author = {Papamakarios, George and Pavlakou, Theo and Murray, Iain},
  date = {2018-06-14},
  eprint = {1705.07057},
  eprinttype = {arxiv},
  eprintclass = {cs, stat},
  doi = {10.48550/arXiv.1705.07057},
  url = {http://arxiv.org/abs/1705.07057},
  urldate = {2022-09-01},
  pubstate = {preprint},
  keywords = {Computer Science - Machine Learning,Statistics - Machine Learning}
}

@online{papamakarios_masked_2018-1,
  title = {Masked {{Autoregressive Flow}} for {{Density Estimation}}},
  author = {Papamakarios, George and Pavlakou, Theo and Murray, Iain},
  date = {2018-06-14},
  eprint = {1705.07057},
  eprinttype = {arxiv},
  eprintclass = {cs, stat},
  doi = {10.48550/arXiv.1705.07057},
  url = {http://arxiv.org/abs/1705.07057},
  urldate = {2022-11-10},
  pubstate = {preprint},
  keywords = {Computer Science - Machine Learning,Statistics - Machine Learning}
}

@online{papamakarios_masked_2018-2,
  title = {Masked {{Autoregressive Flow}} for {{Density Estimation}}},
  author = {Papamakarios, George and Pavlakou, Theo and Murray, Iain},
  date = {2018-06-14},
  eprint = {1705.07057},
  eprinttype = {arxiv},
  eprintclass = {cs, stat},
  url = {http://arxiv.org/abs/1705.07057},
  urldate = {2023-01-23},
  pubstate = {preprint},
  keywords = {Computer Science - Machine Learning,Statistics - Machine Learning}
}

@online{paszke_pytorch_2019,
  title = {{{PyTorch}}: {{An Imperative Style}}, {{High-Performance Deep Learning Library}}},
  shorttitle = {{{PyTorch}}},
  author = {Paszke, Adam and Gross, Sam and Massa, Francisco and Lerer, Adam and Bradbury, James and Chanan, Gregory and Killeen, Trevor and Lin, Zeming and Gimelshein, Natalia and Antiga, Luca and Desmaison, Alban and Köpf, Andreas and Yang, Edward and DeVito, Zach and Raison, Martin and Tejani, Alykhan and Chilamkurthy, Sasank and Steiner, Benoit and Fang, Lu and Bai, Junjie and Chintala, Soumith},
  date = {2019-12-03},
  eprint = {1912.01703},
  eprinttype = {arxiv},
  eprintclass = {cs, stat},
  doi = {10.48550/arXiv.1912.01703},
  url = {http://arxiv.org/abs/1912.01703},
  urldate = {2023-07-20},
  pubstate = {preprint},
  keywords = {Computer Science - Machine Learning,Computer Science - Mathematical Software,Statistics - Machine Learning}
}

@article{prodanov_analytical_2022,
  title = {Analytical Solutions and Parameter Estimation of the {{SIR}} Epidemic Model},
  author = {Prodanov, Dimiter},
  date = {2022},
  journaltitle = {Mathematical Analysis of Infectious Diseases},
  shortjournal = {Mathematical Analysis of Infectious Diseases},
  eprint = {null},
  eprinttype = {pmid},
  pages = {163--189},
  doi = {10.1016/B978-0-32-390504-6.00015-2},
  url = {https://www.ncbi.nlm.nih.gov/pmc/articles/PMC9212253/},
  urldate = {2023-08-03},
  pmcid = {PMC9212253}
}

@online{raissi_physics_2017,
  title = {Physics {{Informed Deep Learning}} ({{Part I}}): {{Data-driven Solutions}} of {{Nonlinear Partial Differential Equations}}},
  shorttitle = {Physics {{Informed Deep Learning}} ({{Part I}})},
  author = {Raissi, Maziar and Perdikaris, Paris and Karniadakis, George Em},
  date = {2017-11-28},
  eprint = {1711.10561},
  eprinttype = {arxiv},
  eprintclass = {cs, math, stat},
  doi = {10.48550/arXiv.1711.10561},
  url = {http://arxiv.org/abs/1711.10561},
  urldate = {2022-11-10},
  pubstate = {preprint},
  keywords = {Computer Science - Artificial Intelligence,Computer Science - Machine Learning,Mathematics - Dynamical Systems,Mathematics - Numerical Analysis,Statistics - Machine Learning}
}

@online{ranjan_computationally_2012,
  title = {A {{Computationally Stable Approach}} to {{Gaussian Process Interpolation}} of {{Deterministic Computer Simulation Data}}},
  author = {Ranjan, Pritam and Haynes, Ronald and Karsten, Richard},
  date = {2012-03-06},
  eprint = {1003.1315},
  eprinttype = {arxiv},
  eprintclass = {stat},
  doi = {10.48550/arXiv.1003.1315},
  url = {http://arxiv.org/abs/1003.1315},
  urldate = {2023-04-17},
  pubstate = {preprint},
  keywords = {Statistics - Computation,Statistics - Methodology}
}

@online{rezende_variational_2016,
  title = {Variational {{Inference}} with {{Normalizing Flows}}},
  author = {Rezende, Danilo Jimenez and Mohamed, Shakir},
  date = {2016-06-14},
  eprint = {1505.05770},
  eprinttype = {arxiv},
  eprintclass = {cs, stat},
  doi = {10.48550/arXiv.1505.05770},
  url = {http://arxiv.org/abs/1505.05770},
  urldate = {2022-10-10},
  pubstate = {preprint},
  version = {6},
  keywords = {Computer Science - Artificial Intelligence,Computer Science - Machine Learning,Statistics - Computation,Statistics - Machine Learning,Statistics - Methodology}
}

@online{robert_metropolis-hastings_2016,
  title = {The {{Metropolis-Hastings}} Algorithm},
  author = {Robert, Christian P.},
  date = {2016-01-27},
  eprint = {1504.01896},
  eprinttype = {arxiv},
  eprintclass = {stat},
  url = {http://arxiv.org/abs/1504.01896},
  urldate = {2023-02-21},
  pubstate = {preprint},
  keywords = {Statistics - Computation}
}

@online{robert_metropolis-hastings_2016-1,
  title = {The {{Metropolis-Hastings}} Algorithm},
  author = {Robert, Christian P.},
  date = {2016-01-27},
  eprint = {1504.01896},
  eprinttype = {arxiv},
  eprintclass = {stat},
  url = {http://arxiv.org/abs/1504.01896},
  urldate = {2023-02-21},
  pubstate = {preprint},
  keywords = {Statistics - Computation}
}

@article{robert_short_2011,
  title = {A {{Short History}} of {{Markov Chain Monte Carlo}}: {{Subjective Recollections}} from {{Incomplete Data}}},
  shorttitle = {A {{Short History}} of {{Markov Chain Monte Carlo}}},
  author = {Robert, Christian and Casella, George},
  date = {2011-02-01},
  journaltitle = {Statistical Science},
  shortjournal = {Statist. Sci.},
  volume = {26},
  number = {1},
  eprint = {0808.2902},
  eprinttype = {arxiv},
  eprintclass = {stat},
  issn = {0883-4237},
  doi = {10.1214/10-STS351},
  url = {http://arxiv.org/abs/0808.2902},
  urldate = {2023-02-21},
  keywords = {Statistics - Computation,Statistics - Methodology}
}

@article{rockafellar_monotone_1976,
  title = {Monotone {{Operators}} and the {{Proximal Point Algorithm}}},
  author = {Rockafellar, R. Tyrrell},
  date = {1976-08},
  journaltitle = {SIAM Journal on Control and Optimization},
  shortjournal = {SIAM J. Control Optim.},
  volume = {14},
  number = {5},
  pages = {877--898},
  publisher = {{Society for Industrial and Applied Mathematics}},
  issn = {0363-0129},
  doi = {10.1137/0314056},
  url = {https://epubs.siam.org/doi/10.1137/0314056},
  urldate = {2023-07-20}
}

@article{roe_boosted_2005,
  title = {Boosted {{Decision Trees}} as an {{Alternative}} to {{Artificial Neural Networks}} for {{Particle Identification}}},
  author = {Roe, Byron P. and Yang, Hai-Jun and Zhu, Ji and Liu, Yong and Stancu, Ion and McGregor, Gordon},
  date = {2005-05},
  journaltitle = {Nuclear Instruments and Methods in Physics Research Section A: Accelerators, Spectrometers, Detectors and Associated Equipment},
  shortjournal = {Nuclear Instruments and Methods in Physics Research Section A: Accelerators, Spectrometers, Detectors and Associated Equipment},
  volume = {543},
  number = {2-3},
  eprint = {physics/0408124},
  eprinttype = {arxiv},
  pages = {577--584},
  issn = {01689002},
  doi = {10.1016/j.nima.2004.12.018},
  url = {http://arxiv.org/abs/physics/0408124},
  urldate = {2023-01-23},
  keywords = {Dataset - MiniBooNE,High Energy Physics - Experiment,{Physics - Data Analysis, Statistics and Probability}}
}

@online{ruthotto_introduction_2021,
  title = {An {{Introduction}} to {{Deep Generative Modeling}}},
  author = {Ruthotto, Lars and Haber, Eldad},
  date = {2021-04-11},
  eprint = {2103.05180},
  eprinttype = {arxiv},
  eprintclass = {cs},
  url = {http://arxiv.org/abs/2103.05180},
  urldate = {2022-09-19},
  pubstate = {preprint},
  keywords = {68T07,Computer Science - Machine Learning}
}

@article{sacks_design_1989,
  title = {Design and {{Analysis}} of {{Computer Experiments}}},
  author = {Sacks, Jerome and Welch, William J. and Mitchell, Toby J. and Wynn, Henry P.},
  date = {1989-11-01},
  journaltitle = {Statistical Science},
  shortjournal = {Statist. Sci.},
  volume = {4},
  number = {4},
  issn = {0883-4237},
  doi = {10.1214/ss/1177012413},
  url = {https://projecteuclid.org/journals/statistical-science/volume-4/issue-4/Design-and-Analysis-of-Computer-Experiments/10.1214/ss/1177012413.full},
  urldate = {2023-07-01}
}

@online{salimans_weight_2016,
  title = {Weight {{Normalization}}: {{A Simple Reparameterization}} to {{Accelerate Training}} of {{Deep Neural Networks}}},
  shorttitle = {Weight {{Normalization}}},
  author = {Salimans, Tim and Kingma, Diederik P.},
  date = {2016-06-03},
  eprint = {1602.07868},
  eprinttype = {arxiv},
  eprintclass = {cs},
  url = {http://arxiv.org/abs/1602.07868},
  urldate = {2022-08-22},
  pubstate = {preprint},
  keywords = {ActNorm Layer,Computer Science - Artificial Intelligence,Computer Science - Machine Learning,Computer Science - Neural and Evolutionary Computing}
}

@online{salman_deep_2018,
  title = {Deep {{Diffeomorphic Normalizing Flows}}},
  author = {Salman, Hadi and Yadollahpour, Payman and Fletcher, Tom and Batmanghelich, Kayhan},
  date = {2018-11-22},
  eprint = {1810.03256},
  eprinttype = {arxiv},
  eprintclass = {cs, stat},
  doi = {10.48550/arXiv.1810.03256},
  url = {http://arxiv.org/abs/1810.03256},
  urldate = {2023-07-20},
  pubstate = {preprint},
  keywords = {Computer Science - Machine Learning,Statistics - Machine Learning}
}

@article{shahriari_taking_2016,
  title = {Taking the {{Human Out}} of the {{Loop}}: {{A Review}} of {{Bayesian Optimization}}},
  shorttitle = {Taking the {{Human Out}} of the {{Loop}}},
  author = {Shahriari, Bobak and Swersky, Kevin and Wang, Ziyu and Adams, Ryan P. and de Freitas, Nando},
  options = {useprefix=true},
  date = {2016-01},
  journaltitle = {Proceedings of the IEEE},
  volume = {104},
  number = {1},
  pages = {148--175},
  issn = {1558-2256},
  doi = {10.1109/JPROC.2015.2494218},
  eventtitle = {Proceedings of the {{IEEE}}},
  keywords = {Bayes methods,Big data,decision making,Decision making,design of experiments,Design of experiments,Genomes,genomic medicine,Linear programming,optimization,Optimization,response surface methodology,Statistical analysis,statistical learning}
}

@online{singh_physics_2021,
  title = {Physics {{Informed Convex Artificial Neural Networks}} ({{PICANNs}}) for {{Optimal Transport}} Based {{Density Estimation}}},
  author = {Singh, Amanpreet and Bauer, Martin and Joshi, Sarang},
  date = {2021-10-22},
  eprint = {2104.01194},
  eprinttype = {arxiv},
  eprintclass = {cs},
  url = {http://arxiv.org/abs/2104.01194},
  urldate = {2023-03-23},
  pubstate = {preprint},
  keywords = {Computer Science - Machine Learning}
}

@online{song_-nice-mc_2018,
  title = {A-{{NICE-MC}}: {{Adversarial Training}} for {{MCMC}}},
  shorttitle = {A-{{NICE-MC}}},
  author = {Song, Jiaming and Zhao, Shengjia and Ermon, Stefano},
  date = {2018-03-14},
  eprint = {1706.07561},
  eprinttype = {arxiv},
  eprintclass = {cs, stat},
  url = {http://arxiv.org/abs/1706.07561},
  urldate = {2023-02-21},
  pubstate = {preprint},
  keywords = {Computer Science - Artificial Intelligence,Computer Science - Machine Learning,Statistics - Machine Learning}
}

@article{strutt_general_1871,
  title = {Some {{General Theorems}} Relating to {{Vibrations}}},
  author = {Strutt, J. W.},
  date = {1871},
  journaltitle = {Proceedings of the London Mathematical Society},
  volume = {s1-4},
  number = {1},
  pages = {357--368},
  issn = {1460-244X},
  doi = {10.1112/plms/s1-4.1.357},
  url = {https://onlinelibrary.wiley.com/doi/abs/10.1112/plms/s1-4.1.357},
  urldate = {2023-08-24}
}

@online{surjanovic_virtual_2023,
  title = {Virtual {{Library}} of {{Simulation Experiments}}: {{Test Functions}} and {{Datasets}}},
  author = {Surjanovic, Sonja and Bingham, Derek},
  date = {2023},
  url = {http://www.sfu.ca/~ssurjano/},
  urldate = {2023-07-20}
}

@article{swiler_survey_2020,
  title = {A {{Survey}} of {{Constrained Gaussian Process Regression}}: {{Approaches}} and {{Implementation Challenges}}},
  shorttitle = {A {{Survey}} of {{Constrained Gaussian Process Regression}}},
  author = {Swiler, Laura and Gulian, Mamikon and Frankel, Ari and Safta, Cosmin and Jakeman, John},
  date = {2020},
  journaltitle = {Journal of Machine Learning for Modeling and Computing},
  shortjournal = {J Mach Learn Model Comput},
  volume = {1},
  number = {2},
  eprint = {2006.09319},
  eprinttype = {arxiv},
  eprintclass = {cs, math, stat},
  pages = {119--156},
  issn = {2689-3967},
  doi = {10.1615/JMachLearnModelComput.2020035155},
  url = {http://arxiv.org/abs/2006.09319},
  urldate = {2023-07-13},
  keywords = {Computer Science - Machine Learning,Mathematics - Statistics Theory,Statistics - Machine Learning}
}

@article{tabak_density_2010,
  title = {Density Estimation by Dual Ascent of the Log-Likelihood},
  author = {Tabak, Esteban G. and Vanden-Eijnden, Eric},
  date = {2010-03},
  journaltitle = {Communications in Mathematical Sciences},
  volume = {8},
  number = {1},
  pages = {217--233},
  publisher = {{International Press of Boston}},
  issn = {1539-6746, 1945-0796},
  url = {https://projecteuclid.org/journals/communications-in-mathematical-sciences/volume-8/issue-1/Density-estimation-by-dual-ascent-of-the-log-likelihood/cms/1266935020.full},
  urldate = {2023-01-12},
  keywords = {34A50,60H35,65C30,65L20,Density estimation,machine learning,maximum likelihood}
}

@article{trenn_multilayer_2008,
  title = {Multilayer {{Perceptrons}}: {{Approximation Order}} and {{Necessary Number}} of {{Hidden Units}}},
  shorttitle = {Multilayer {{Perceptrons}}},
  author = {Trenn, S.},
  date = {2008-05},
  journaltitle = {IEEE Transactions on Neural Networks},
  shortjournal = {IEEE Trans. Neural Netw.},
  volume = {19},
  number = {5},
  pages = {836--844},
  issn = {1045-9227, 1941-0093},
  doi = {10.1109/TNN.2007.912306},
  url = {http://ieeexplore.ieee.org/document/4469950/},
  urldate = {2022-09-20}
}

@online{trillos_optimization_2023,
  title = {From {{Optimization}} to {{Sampling Through Gradient Flows}}},
  author = {Trillos, N. Garcia and Hosseini, B. and Sanz-Alonso, D.},
  date = {2023-02-22},
  eprint = {2302.11449},
  eprinttype = {arxiv},
  eprintclass = {stat},
  doi = {10.48550/arXiv.2302.11449},
  url = {http://arxiv.org/abs/2302.11449},
  urldate = {2023-05-06},
  pubstate = {preprint},
  keywords = {Statistics - Computation}
}

@article{tuo_theoretical_2016,
  title = {A {{Theoretical Framework}} for {{Calibration}} in {{Computer Models}}: {{Parametrization}}, {{Estimation}} and {{Convergence Properties}}},
  shorttitle = {A {{Theoretical Framework}} for {{Calibration}} in {{Computer Models}}},
  author = {Tuo, Rui and Jeff Wu, C. F.},
  date = {2016-01},
  journaltitle = {SIAM/ASA Journal on Uncertainty Quantification},
  shortjournal = {SIAM/ASA J. Uncertainty Quantification},
  volume = {4},
  number = {1},
  pages = {767--795},
  issn = {2166-2525},
  doi = {10.1137/151005841},
  url = {http://epubs.siam.org/doi/10.1137/151005841},
  urldate = {2023-07-01}
}

@article{van_erven_renyi_2014,
  title = {R\textbackslash 'enyi {{Divergence}} and {{Kullback-Leibler Divergence}}},
  author = {van Erven, Tim and Harremoës, Peter},
  options = {useprefix=true},
  date = {2014-07},
  journaltitle = {IEEE Transactions on Information Theory},
  shortjournal = {IEEE Trans. Inform. Theory},
  volume = {60},
  number = {7},
  eprint = {1206.2459},
  eprinttype = {arxiv},
  eprintclass = {cs, math, stat},
  pages = {3797--3820},
  issn = {0018-9448, 1557-9654},
  doi = {10.1109/TIT.2014.2320500},
  url = {http://arxiv.org/abs/1206.2459},
  urldate = {2022-11-14},
  keywords = {Computer Science - Information Theory,Mathematics - Statistics Theory,Statistics - Machine Learning}
}

@article{vangi_vehicle_2018,
  title = {A Vehicle Model for Crash Stage Simulation},
  author = {Vangi, Dario and Begani, Filippo and Gulino, Michelangelo-Santo and Spitzhüttl, Florian},
  date = {2018-01-01},
  journaltitle = {IFAC-PapersOnLine},
  shortjournal = {IFAC-PapersOnLine},
  series = {9th {{Vienna International Conference}} on {{Mathematical Modelling}}},
  volume = {51},
  number = {2},
  pages = {837--842},
  issn = {2405-8963},
  doi = {10.1016/j.ifacol.2018.04.018},
  url = {https://www.sciencedirect.com/science/article/pii/S2405896318301460},
  urldate = {2023-08-03},
  keywords = {Crash simulation,Numerical simulation,Reduced order models,Traffic accidents}
}

@online{vono_high-dimensional_2021,
  title = {High-Dimensional {{Gaussian}} Sampling: A Review and a Unifying Approach Based on a Stochastic Proximal Point Algorithm},
  shorttitle = {High-Dimensional {{Gaussian}} Sampling},
  author = {Vono, Maxime and Dobigeon, Nicolas and Chainais, Pierre},
  date = {2021-04-30},
  eprint = {2010.01510},
  eprinttype = {arxiv},
  eprintclass = {stat},
  url = {http://arxiv.org/abs/2010.01510},
  urldate = {2023-02-20},
  pubstate = {preprint},
  keywords = {Statistics - Computation}
}

@article{wang_field_2020,
  title = {Field Theory of Reaction-Diffusion: {{Law}} of Mass Action with an Energetic Variational Approach},
  shorttitle = {Field Theory of Reaction-Diffusion},
  author = {Wang, Yiwei and Liu, Chun and Liu, Pei and Eisenberg, Bob},
  date = {2020-12-28},
  journaltitle = {Physical Review E},
  shortjournal = {Phys. Rev. E},
  volume = {102},
  number = {6},
  pages = {062147},
  publisher = {{American Physical Society}},
  doi = {10.1103/PhysRevE.102.062147},
  url = {https://link.aps.org/doi/10.1103/PhysRevE.102.062147},
  urldate = {2023-07-19}
}

@article{wang_particle-based_2021,
  title = {Particle-Based {{Energetic Variational Inference}}},
  author = {Wang, Yiwei and Chen, Jiuhai and Liu, Chun and Kang, Lulu},
  date = {2021-05},
  journaltitle = {Statistics and Computing},
  shortjournal = {Stat Comput},
  volume = {31},
  number = {3},
  eprint = {2004.06443},
  eprinttype = {arxiv},
  eprintclass = {cs, stat},
  pages = {34},
  issn = {0960-3174, 1573-1375},
  doi = {10.1007/s11222-021-10009-7},
  url = {http://arxiv.org/abs/2004.06443},
  urldate = {2022-08-17},
  keywords = {Computer Science - Machine Learning,Statistics - Machine Learning}
}

@article{wang_recent_2022,
  title = {Some {{Recent Advances}} in {{Energetic Variational Approaches}}},
  author = {Wang, Yiwei and Liu, Chun},
  date = {2022-05-18},
  journaltitle = {Entropy},
  shortjournal = {Entropy},
  volume = {24},
  number = {5},
  pages = {721},
  issn = {1099-4300},
  doi = {10.3390/e24050721},
  url = {https://www.mdpi.com/1099-4300/24/5/721},
  urldate = {2023-06-28}
}

@online{wang_stein_2019,
  title = {Stein {{Variational Gradient Descent With Matrix-Valued Kernels}}},
  author = {Wang, Dilin and Tang, Ziyang and Bajaj, Chandrajit and Liu, Qiang},
  date = {2019-11-05},
  eprint = {1910.12794},
  eprinttype = {arxiv},
  eprintclass = {cs, stat},
  url = {http://arxiv.org/abs/1910.12794},
  urldate = {2022-08-18},
  pubstate = {preprint},
  keywords = {Computer Science - Machine Learning,Statistics - Machine Learning}
}

@article{weaver_computational_2016,
  title = {Computational {{Enhancements}} to {{Bayesian Design}} of {{Experiments Using Gaussian Processes}}},
  author = {Weaver, Brian P. and Williams, Brian J. and Anderson-Cook, Christine M. and Higdon, David M.},
  date = {2016-03-01},
  journaltitle = {Bayesian Analysis},
  shortjournal = {Bayesian Anal.},
  volume = {11},
  number = {1},
  issn = {1936-0975},
  doi = {10.1214/15-BA945},
  url = {https://projecteuclid.org/journals/bayesian-analysis/volume-11/issue-1/Computational-Enhancements-to-Bayesian-Design-of-Experiments-Using-Gaussian-Processes/10.1214/15-BA945.full},
  urldate = {2023-06-28}
}

@article{weaver_computational_2016-1,
  title = {Computational {{Enhancements}} to {{Bayesian Design}} of {{Experiments Using Gaussian Processes}}},
  author = {Weaver, Brian P. and Williams, Brian J. and Anderson-Cook, Christine M. and Higdon, David M.},
  date = {2016-03-01},
  journaltitle = {Bayesian Analysis},
  shortjournal = {Bayesian Anal.},
  volume = {11},
  number = {1},
  issn = {1936-0975},
  doi = {10.1214/15-BA945},
  url = {https://projecteuclid.org/journals/bayesian-analysis/volume-11/issue-1/Computational-Enhancements-to-Bayesian-Design-of-Experiments-Using-Gaussian-Processes/10.1214/15-BA945.full},
  urldate = {2023-07-01}
}

@article{wirnsberger_targeted_2020,
  title = {Targeted Free Energy Estimation via Learned Mappings},
  author = {Wirnsberger, Peter and Ballard, Andrew J. and Papamakarios, George and Abercrombie, Stuart and Racanière, Sébastien and Pritzel, Alexander and Rezende, Danilo Jimenez and Blundell, Charles},
  date = {2020-10-14},
  journaltitle = {The Journal of Chemical Physics},
  shortjournal = {J. Chem. Phys.},
  volume = {153},
  number = {14},
  eprint = {2002.04913},
  eprinttype = {arxiv},
  eprintclass = {physics, stat},
  pages = {144112},
  issn = {0021-9606, 1089-7690},
  doi = {10.1063/5.0018903},
  url = {http://arxiv.org/abs/2002.04913},
  urldate = {2023-01-30},
  keywords = {Physics - Chemical Physics,Physics - Computational Physics,Statistics - Machine Learning}
}

@article{woodley_crystal_2008,
  title = {Crystal Structure Prediction from First Principles},
  author = {Woodley, Scott M. and Catlow, Richard},
  date = {2008-12},
  journaltitle = {Nature Materials},
  shortjournal = {Nature Mater},
  volume = {7},
  number = {12},
  pages = {937--946},
  publisher = {{Nature Publishing Group}},
  issn = {1476-4660},
  doi = {10.1038/nmat2321},
  url = {https://www.nature.com/articles/nmat2321},
  urldate = {2023-08-03},
  issue = {12},
  keywords = {Biomaterials,Condensed Matter Physics,general,Materials Science,Nanotechnology,Optical and Electronic Materials}
}

@article{worley_dreimihistic_nodate,
  title = {{{DREIMIHISTIC UNCERTAINTY AHALTSIS}}},
  author = {Worley, Brian A}
}

@online{xu_invertible_2022,
  title = {Invertible Normalizing Flow Neural Networks by {{JKO}} Scheme},
  author = {Xu, Chen and Cheng, Xiuyuan and Xie, Yao},
  date = {2022-12-29},
  eprint = {2212.14424},
  eprinttype = {arxiv},
  eprintclass = {cs, stat},
  url = {http://arxiv.org/abs/2212.14424},
  urldate = {2023-02-20},
  pubstate = {preprint},
  keywords = {Computer Science - Machine Learning,Statistics - Machine Learning}
}

@online{yang_diffusion_2023,
  title = {Diffusion {{Models}}: {{A Comprehensive Survey}} of {{Methods}} and {{Applications}}},
  shorttitle = {Diffusion {{Models}}},
  author = {Yang, Ling and Zhang, Zhilong and Song, Yang and Hong, Shenda and Xu, Runsheng and Zhao, Yue and Zhang, Wentao and Cui, Bin and Yang, Ming-Hsuan},
  date = {2023-03-23},
  eprint = {2209.00796},
  eprinttype = {arxiv},
  eprintclass = {cs},
  url = {http://arxiv.org/abs/2209.00796},
  urldate = {2023-07-31},
  pubstate = {preprint},
  keywords = {Computer Science - Artificial Intelligence,Computer Science - Computer Vision and Pattern Recognition,Computer Science - Machine Learning}
}

@article{yang_mathematical_2022-1,
  title = {A {{Mathematical Framework}} for {{Learning Probability Distributions}}},
  author = {Yang, Hongkang},
  date = {2022-06},
  journaltitle = {Journal of Machine Learning},
  shortjournal = {JML},
  volume = {1},
  number = {4},
  pages = {373--431},
  issn = {2790-203X, 2790-2048},
  doi = {10.4208/jml.221202},
  url = {http://global-sci.org/intro/article_detail/jml/21298.html},
  urldate = {2023-01-10}
}

@online{zeng_adaptive_2022,
  title = {Adaptive Deep Density Approximation for Fractional {{Fokker-Planck}} Equations},
  author = {Zeng, Li and Wan, Xiaoliang and Zhou, Tao},
  date = {2022-10-25},
  eprint = {2210.14402},
  eprinttype = {arxiv},
  eprintclass = {cs, math},
  url = {http://arxiv.org/abs/2210.14402},
  urldate = {2023-03-02},
  pubstate = {preprint},
  keywords = {Computer Science - Machine Learning,Mathematics - Numerical Analysis}
}

@article{zhang_indicator-based_2023,
  title = {Indicator-Based {{Bayesian}} Variable Selection for {{Gaussian}} Process Models in Computer Experiments},
  author = {Zhang, Fan and Chen, Ray-Bing and Hung, Ying and Deng, Xinwei},
  date = {2023-09-01},
  journaltitle = {Computational Statistics \& Data Analysis},
  shortjournal = {Computational Statistics \& Data Analysis},
  volume = {185},
  pages = {107757},
  issn = {0167-9473},
  doi = {10.1016/j.csda.2023.107757},
  url = {https://www.sciencedirect.com/science/article/pii/S0167947323000683},
  urldate = {2023-08-17},
  keywords = {Bayesian variable selection,Emulator,Kriging,Median probability criterion}
}

@online{zhang_transport_2023,
  title = {Transport Map Unadjusted {{Langevin}} Algorithms},
  author = {Zhang, Benjamin J. and Marzouk, Youssef M. and Spiliopoulos, Konstantinos},
  date = {2023-02-27},
  eprint = {2302.07227},
  eprinttype = {arxiv},
  eprintclass = {math, stat},
  url = {http://arxiv.org/abs/2302.07227},
  urldate = {2023-03-02},
  pubstate = {preprint},
  keywords = {{62D99, 60H35},Mathematics - Probability,Statistics - Machine Learning,Statistics - Methodology}
}

@article{zhu_reliable_2023,
  title = {Reliable Extrapolation of Deep Neural Operators Informed by Physics or Sparse Observations},
  author = {Zhu, Min and Zhang, Handi and Jiao, Anran and Karniadakis, George Em and Lu, Lu},
  date = {2023-07},
  journaltitle = {Computer Methods in Applied Mechanics and Engineering},
  shortjournal = {Computer Methods in Applied Mechanics and Engineering},
  volume = {412},
  eprint = {2212.06347},
  eprinttype = {arxiv},
  eprintclass = {physics},
  pages = {116064},
  issn = {00457825},
  doi = {10.1016/j.cma.2023.116064},
  url = {http://arxiv.org/abs/2212.06347},
  urldate = {2023-07-06},
  keywords = {Computer Science - Machine Learning,Physics - Computational Physics}
}
