Encoding: UTF-8

@article{EVI,
author = {Wang, Yiwei and Chen, Jiuhai and Liu, Chun and Kang, Lulu},
journal = {Statistics and Computing},
year = {2020},
month = {04},
pages = {},
title = {Particle-based Energetic Variational Inference}
}
@inproceedings{chu2017movie,
  title={Movie genre classification based on poster images with deep neural networks},
  author={Chu, Wei-Ta and Guo, Hung-Jui},
  booktitle={Proceedings of the Workshop on Multimodal Understanding of Social, Affective and Subjective Attributes},
  pages={39--45},
  year={2017}
}

@misc{redmon_you_2016,
  title = {You {{Only Look Once}}: {{Unified}}, {{Real-Time Object Detection}}},
  shorttitle = {You {{Only Look Once}}},
  author = {Redmon, Joseph and Divvala, Santosh and Girshick, Ross and Farhadi, Ali},
  date = {2016-05-09},
  number = {arXiv:1506.02640},
  eprint = {1506.02640},
  eprinttype = {arxiv},
  primaryclass = {cs},
  year={2016},
  publisher = {{arXiv}},
  doi = {10.48550/arXiv.1506.02640},
  url = {http://arxiv.org/abs/1506.02640},
  urldate = {2022-10-14},
  archiveprefix = {arXiv},
  keywords = {Computer Science - Computer Vision and Pattern Recognition}
}

@inproceedings{krizhevsky_imagenet_2012,
  title = {{{ImageNet Classification}} with {{Deep Convolutional Neural Networks}}},
  year={2012},
  booktitle = {Advances in {{Neural Information Processing Systems}}},
  author = {Krizhevsky, Alex and Sutskever, Ilya and Hinton, Geoffrey E},
  date = {2012},
  volume = {25},
  publisher = {{Curran Associates, Inc.}},
  url = {https://papers.nips.cc/paper/2012/hash/c399862d3b9d6b76c8436e924a68c45b-Abstract.html},
  urldate = {2022-10-14}
}

@article{wi_poster-based_2020,
  title = {Poster-{{Based Multiple Movie Genre Classification Using Inter-Channel Features}}},
  author = {Wi, Jeong A. and Jang, Soojin and Kim, Youngbin},
  date = {2020},
  journaltitle = {IEEE Access},
  volume = {8},
  pages = {66615--66624},
  issn = {2169-3536},
  doi = {10.1109/ACCESS.2020.2986055},
  eventtitle = {{{IEEE Access}}},
  keywords = {Classification,Data mining,Databases,dataset,deep learning,Feature extraction,gram matrix,Image color analysis,Machine learning,Motion pictures,movie genre classification,movie poster,multi-label classification,Task analysis},
  year={2020}
}

@misc{redmon_yolo9000_2016,
  title = {{{YOLO9000}}: {{Better}}, {{Faster}}, {{Stronger}}},
  shorttitle = {{{YOLO9000}}},
  author = {Redmon, Joseph and Farhadi, Ali},
  date = {2016-12-25},
  number = {arXiv:1612.08242},
  eprint = {1612.08242},
  eprinttype = {arxiv},
  primaryclass = {cs},
  publisher = {{arXiv}},
  doi = {10.48550/arXiv.1612.08242},
  url = {http://arxiv.org/abs/1612.08242},
  urldate = {2022-10-14},
  archiveprefix = {arXiv},
  year={2016},
  keywords = {Computer Science - Computer Vision and Pattern Recognition}
}



@article{doi:10.1080/01621459.2017.1285773,
author = {David M. Blei and Alp Kucukelbir and Jon D. McAuliffe},
title = {Variational Inference: A Review for Statisticians},
journal = {Journal of the American Statistical Association},
volume = {112},
number = {518},
pages = {859-877},
year  = {2017},
publisher = {Taylor & Francis},
doi = {10.1080/01621459.2017.1285773},

URL = { 
        https://doi.org/10.1080/01621459.2017.1285773
    
},
eprint = { 
        https://doi.org/10.1080/01621459.2017.1285773
    
}

}

@inbook{EnVarA1,
  author         = {Mi-Ho Giga and Arkada Kirshtein and and Chun Liu},
  chapter        = {Variational Modeling And Complex Fluids},
  pages          = {1-41},
  publisher      = {Springer, Cham},
  title          = {Handbook of Mathematical Analysis in Mechanics of Viscous Fluids},
  year           = {2017}
}

@inbook{EnVarA2,
  author         = {Chun Liu},
  chapter        = {An Introduction of Elastic Complex Fluids: An Energetic Variational Approach},
  pages          = {286-337},
  publisher      = {World Scientific},
  title          = {Multi-Scale Phenomena in Complex Fluids},
  year           = {2009}
}

@article{SVGD1,
  title={Stein variational gradient descent: A general purpose bayesian inference algorithm},
  author={Liu, Qiang and Wang, Dilin},
  journal={Advances in neural information processing systems},
  volume={29},
  year={2016}
}

@article{Li2019HessianTG,
  title={Hessian transport gradient flows},
  author={Wuchen Li and Lexing Ying},
  journal={ArXiv},
  year={2019},
  volume={abs/1905.04556}
}

@article{doi:10.1137/19M1294356,
author = {Wang, Bao and Zou, Difan and Gu, Quanquan and Osher, Stanley J.},
title = {Laplacian Smoothing Stochastic Gradient Markov Chain Monte Carlo},
journal = {SIAM Journal on Scientific Computing},
volume = {43},
number = {1},
pages = {A26-A53},
year = {2021},
doi = {10.1137/19M1294356},

URL = { 
        https://doi.org/10.1137/19M1294356
    
},
eprint = { 
        https://doi.org/10.1137/19M1294356
    
}
,
    abstract = { As an important Markov chain Monte Carlo (MCMC) method, the stochastic gradient Langevin dynamics (SGLD) algorithm has achieved great success in Bayesian learning and posterior sampling. However, SGLD typically suffers from a slow convergence rate due to its large variance caused by the stochastic gradient. In order to alleviate these drawbacks, we leverage the recently developed Laplacian smoothing technique and propose a Laplacian smoothing stochastic gradient Langevin dynamics (LS-SGLD) algorithm. We prove that for sampling from both log-concave and non-log-concave densities, LS-SGLD achieves strictly smaller discretization error in 2-Wasserstein distance, although its mixing rate can be slightly slower. Experiments on both synthetic and real datasets verify our theoretical results and demonstrate the superior performance of LS-SGLD on different machine learning tasks including posterior sampling, Bayesian logistic regression, and training Bayesian convolutional neural networks. The code is available at https://github.com/BaoWangMath/LS-MCMC. }
}

@article{di2021neural,
  title={Neural Variational Gradient Descent},
  author={di Langosco, Lauro Langosco and Fortuin, Vincent and Strathmann, Heiko},
  journal={arXiv preprint arXiv:2107.10731},
  year={2021}
}

@inproceedings{Chen2018AUP,
  title={A Unified Particle-Optimization Framework for Scalable Bayesian Sampling},
  author={Changyou Chen and Ruiyi Zhang and Wenlin Wang and Bai Li and Liqun Chen},
  booktitle={UAI},
  year={2018}
}

@article{cms/1266935020,
author = {Esteban G. Tabak and Eric Vanden-Eijnden},
title = {{Density estimation by dual ascent of the log-likelihood}},
volume = {8},
journal = {Communications in Mathematical Sciences},
number = {1},
publisher = {International Press of Boston},
pages = {217 -- 233},
keywords = {Density estimation, machine learning, maximum likelihood},
year = {2010},
doi = {cms/1266935020},
URL = {https://doi.org/}
}


@book{kloeden_platen_kloeden_2011, 
  place={Berlin, Heidelberg}, 
  title={Numerical solution of stochastic differential equations}, 
  publisher={Springer Berlin / Heidelberg}, 
  author={Kloeden, Peter E. and Platen, Eckhard and Kloeden, Peter E.}, 
  year={2011}
} 

@article{JMLR:v21:17-678,
  author  = {James Martens},
  title   = {New Insights and Perspectives on the Natural Gradient Method},
  journal = {Journal of Machine Learning Research},
  year    = {2020},
  volume  = {21},
  number  = {146},
  pages   = {1-76},
  url     = {http://jmlr.org/papers/v21/17-678.html}
}

@article{liu2020lagrangian,
  title={On Lagrangian schemes for porous medium type generalized diffusion equations: a discrete energetic variational approach},
  author={Liu, Chun and Wang, Yiwei},
  journal={Journal of Computational Physics},
  volume={417},
  pages={109566},
  year={2020},
  publisher={Elsevier}
}

@article{carrillo2018lagrangian,
  title={A Lagrangian scheme for the solution of nonlinear diffusion equations using moving simplex meshes},
  author={Carrillo, Jos{\'e} A and D{\"u}ring, Bertram and Matthes, Daniel and McCormick, David S},
  journal={Journal of Scientific Computing},
  volume={75},
  number={3},
  pages={1463--1499},
  year={2018},
  publisher={Springer}
}

@article{rockafellar1976monotone,
  title={Monotone operators and the proximal point algorithm},
  author={Rockafellar, R Tyrrell},
  journal={SIAM journal on control and optimization},
  volume={14},
  number={5},
  pages={877--898},
  year={1976},
  publisher={SIAM}
}

@article{barzilai1988two,
  title={Two-point step size gradient methods},
  author={Barzilai, Jonathan and Borwein, Jonathan M},
  journal={IMA journal of numerical analysis},
  volume={8},
  number={1},
  pages={141--148},
  year={1988},
  publisher={Oxford University Press}
}

@article{carrillo2019blob,
  title={A blob method for diffusion},
  author={Carrillo, Jos{\'e} Antonio and Craig, Katy and Patacchini, Francesco S},
  journal={Calculus of Variations and Partial Differential Equations},
  volume={58},
  number={2},
  pages={1--53},
  year={2019},
  publisher={Springer}
}

@article{wang2019stein,
  title={Stein variational gradient descent with matrix-valued kernels},
  author={Wang, Dilin and Tang, Ziyang and Bajaj, Chandrajit and Liu, Qiang},
  journal={Advances in neural information processing systems},
  volume={32},
  year={2019}
}

@incollection{bakry1985diffusions,
  title={Diffusions hypercontractives},
  author={Bakry, Dominique and {\'E}mery, Michel},
  booktitle={Seminaire de probabilit{\'e}s XIX 1983/84},
  pages={177--206},
  year={1985},
  publisher={Springer}
}


@misc{hwang_deep_2021,
  title = {The {{Deep Minimizing Movement Scheme}}},
  author = {Hwang, Hyung Ju and Kim, Cheolhyeong and Park, Min Sue and Son, Hwijae},
  year = {2021},
  month = nov,
  number = {arXiv:2109.14851},
  eprint = {2109.14851},
  eprinttype = {arxiv},
  primaryclass = {cs, math},
  publisher = {{arXiv}},
  archiveprefix = {arXiv},
  keywords = {Mathematics - Analysis of PDEs,Mathematics - Numerical Analysis,Mathematics - Optimization and Control},
  annotation = {cites: hwang\_deep\_2021}
}

```
